@article{abrialMechanizationProofsClassical2021,
  title = {Towards the Mechanization of the Proofs of Some Classical Theorems of Set Theory},
  author = {Abrial, Jean-Raymond and Laffitte, G.},
  year = {2021},
  month = jun,
  keywords = {Print,Read}
}

@incollection{aczelTypeTheoreticInterpretation1978,
  title = {The {{Type Theoretic Interpretation}} of {{Constructive Set Theory}}},
  booktitle = {Studies in {{Logic}} and the {{Foundations}} of {{Mathematics}}},
  author = {Aczel, Peter},
  year = {1978},
  volume = {96},
  pages = {55--66},
  publisher = {{Elsevier}},
  doi = {10.1016/S0049-237X(08)71989-X},
  urldate = {2021-06-14},
  isbn = {978-0-444-85178-9},
  langid = {english},
  file = {/home/sguillou/Zotero/storage/JSZV8ILW/Aczel - 1978 - The Type Theoretic Interpretation of Constructive .pdf}
}

@book{ahoDesignAnalysisComputer1974,
  title = {The {{Design}} and {{Analysis}} of {{Computer Algorithms}}},
  author = {Aho, Alfred V. and Hopcroft, John E.},
  year = {1974},
  edition = {1st},
  publisher = {{Addison-Wesley Longman Publishing Co., Inc.}},
  address = {{USA}},
  isbn = {978-0-201-00029-0}
}

@book{AIGER2011,
  title = {{{AIGER}} 1.9 and Beyond},
  year = {2011},
  series = {{{FMV Technical Reports}}},
  number = {11/2},
  publisher = {{Johannes Kepler Universit\"at Linz, Institut f\"ur Formale Modelle und Verifikation}},
  address = {{Linz}},
  doi = {10.35011/fmvtr.2011-2},
  urldate = {2022-10-13},
  copyright = {cc-by\_4},
  langid = {english},
  lccn = {UL:TN:FM},
  keywords = {AIGER,format description},
  annotation = {Accession Number: AC16184715},
  file = {/home/sguillou/Zotero/storage/M6YJUPDA/2011 - AIGER 1.9 and beyond.pdf}
}

@book{AIGERAndInverterGraph2007,
  title = {The {{AIGER And-Inverter Graph}} ({{AIG}}) {{Format Version}} 20071012},
  year = {2007},
  series = {{{FMV Technical Reports}}},
  number = {07/1},
  publisher = {{Johannes Kepler Universit\"at Linz, Institut f\"ur Formale Modelle und Verifikation}},
  address = {{Linz}},
  doi = {10.35011/fmvtr.2007-1},
  urldate = {2022-10-13},
  copyright = {cc-by\_4},
  langid = {english},
  lccn = {UL:TN:FM},
  keywords = {AIGER,format description},
  annotation = {Accession Number: AC16184712},
  file = {/home/sguillou/Zotero/storage/VQHG9TRD/2007 - The AIGER And-Inverter Graph (AIG) Format Version .pdf}
}

@article{amaruEPFLCombinationalBenchmark2015,
  title = {The {{EPFL Combinational Benchmark Suite}}},
  editor = {Amar{\`u}, Luca and Gaillardon, Pierre-Emmanuel and De Micheli, Giovanni},
  year = {2015},
  journal = {Proceedings of the 24th International Workshop on Logic \& Synthesis (IWLS)}
}

@book{andrewsIntroductionMathematicalLogic2002,
  title = {An {{Introduction}} to {{Mathematical Logic}} and {{Type Theory}}: {{To Truth Through Proof}}},
  shorttitle = {An {{Introduction}} to {{Mathematical Logic}} and {{Type Theory}}},
  author = {Andrews, Peter B.},
  editor = {Gabbay, Dov M. and Barwise, Jon},
  year = {2002},
  series = {Applied {{Logic Series}}},
  volume = {27},
  publisher = {{Springer Netherlands}},
  address = {{Dordrecht}},
  doi = {10.1007/978-94-015-9934-4},
  urldate = {2020-10-15},
  isbn = {978-90-481-6079-2 978-94-015-9934-4},
  langid = {english},
  file = {/home/sguillou/Zotero/storage/XH6FBES6/Andrews - 2002 - An Introduction to Mathematical Logic and Type The.pdf}
}

@incollection{aptTheoryDeclarativeKnowledge1988,
  title = {Towards a {{Theory}} of {{Declarative Knowledge}}},
  booktitle = {Foundations of {{Deductive Databases}} and {{Logic Programming}}},
  author = {Apt, Krzysztof R. and Blair, Howard A. and Walker, Adrian},
  editor = {Minker, Jack},
  year = {1988},
  pages = {89--148},
  publisher = {{Morgan Kaufmann}},
  address = {{San Francisco, CA, United States}},
  doi = {10.1016/b978-0-934613-40-8.50006-3},
  file = {/home/sguillou/Zotero/storage/9Y5J4C2G/Apt et al. - 1988 - Towards a Theory of Declarative Knowledge.pdf}
}

@misc{ArchiveFormalProofs,
  title = {Archive of {{Formal Proofs}}},
  urldate = {2022-05-10},
  howpublished = {https://www.isa-afp.org/},
  file = {/home/sguillou/Zotero/storage/6I27PLQW/www.isa-afp.org.html}
}

@inproceedings{arthanHOLConstantDefinition2014,
  title = {{{HOL Constant Definition Done Right}}},
  booktitle = {Interactive {{Theorem Proving}}},
  author = {Arthan, Rob},
  editor = {Klein, Gerwin and Gamboa, Ruben},
  year = {2014},
  series = {Lecture {{Notes}} in {{Computer Science}}},
  pages = {531--536},
  publisher = {{Springer International Publishing}},
  address = {{Cham}},
  doi = {10.1007/978-3-319-08970-6_34},
  isbn = {978-3-319-08970-6},
  langid = {english},
  keywords = {Free Variable,Logical Connective,Proof Tree,Type Instance,Type Variable},
  file = {/home/sguillou/Zotero/storage/Z4Y9PQ8D/Arthan - 2014 - HOL Constant Definition Done Right.pdf}
}

@article{arvindN2AlgorithmSatisfiability1987,
  title = {An {{O}}(N2) Algorithm for the Satisfiability Problem of a Subset of Propositional Sentences in {{CNF}} That Includes All Horn Sentences},
  author = {Arvind, V. and Biswas, S.},
  year = {1987},
  month = jan,
  journal = {Information Processing Letters},
  volume = {24},
  number = {1},
  pages = {67--69},
  issn = {0020-0190},
  doi = {10.1016/0020-0190(87)90200-6},
  urldate = {2023-06-07},
  langid = {english},
  keywords = {Satisfiability problem},
  file = {/home/sguillou/Zotero/storage/E6THQ9JQ/Arvind and Biswas - 1987 - An O(n2) algorithm for the satisfiability problem .pdf;/home/sguillou/Zotero/storage/8GIGLMK5/0020019087902006.html}
}

@misc{austinChallengesImplementingLCFStyle2015,
  title = {Challenges {{Implementing}} an {{LCF-Style Proof System}} with {{Haskell}}},
  author = {Austin, Evan and Alexander, P.},
  year = {2015},
  urldate = {2022-06-20},
  howpublished = {https://www.semanticscholar.org/paper/Challenges-Implementing-an-LCF-Style-Proof-System-Austin-Alexander/e2f0b6e96878bc83ecce2c610a6acffcc42a1dff},
  langid = {english},
  file = {/home/sguillou/Zotero/storage/7LE293NF/e2f0b6e96878bc83ecce2c610a6acffcc42a1dff.html}
}

@article{avigadTheoremProvingLean,
  title = {Theorem {{Proving}} in {{Lean}}},
  author = {Avigad, Jeremy},
  pages = {173},
  file = {/home/sguillou/Zotero/storage/6J4XVC4A/Avigad - Theorem Proving in Lean.pdf}
}

@article{aygunProvingTheoremsUsing2021,
  title = {Proving {{Theorems}} Using {{Incremental Learning}} and {{Hindsight Experience Replay}}},
  author = {Ayg{\"u}n, Eser and Orseau, Laurent and Anand, Ankit and Glorot, Xavier and Firoiu, Vlad and Zhang, Lei M. and Precup, Doina and Mourad, Shibl},
  year = {2021},
  month = dec,
  journal = {arXiv:2112.10664 [cs]},
  eprint = {2112.10664},
  primaryclass = {cs},
  urldate = {2022-05-05},
  archiveprefix = {arxiv},
  keywords = {Computer Science - Artificial Intelligence,Computer Science - Logic in Computer Science,I.2.3},
  file = {/home/sguillou/Zotero/storage/3GSZDR9Q/Ayg√ºn et al. - 2021 - Proving Theorems using Incremental Learning and Hi.pdf;/home/sguillou/Zotero/storage/78BMFYQD/2112.html}
}

@book{baaderTermRewritingAll1998,
  title = {Term {{Rewriting}} and {{All That}}},
  author = {Baader, Franz and Nipkow, Tobias},
  year = {1998},
  publisher = {{Cambridge University Press}},
  address = {{Cambridge}},
  doi = {10.1017/CBO9781139172752},
  urldate = {2021-09-13},
  isbn = {978-0-521-77920-3},
  file = {/home/sguillou/Zotero/storage/BP642VYS/Baader and Nipkow - 1998 - Term Rewriting and All That.pdf;/home/sguillou/Zotero/storage/SGRIHIBJ/71768055278D0DEF4FFC74722DE0D707.html}
}

@article{bakerCONSShouldNot1992,
  title = {{{CONS}} Should Not {{CONS}} Its Arguments, or, a Lazy Alloc Is a Smart Alloc},
  author = {Baker, Henry G.},
  year = {1992},
  month = mar,
  journal = {ACM SIGPLAN Notices},
  volume = {27},
  number = {3},
  pages = {24--34},
  issn = {0362-1340},
  doi = {10.1145/130854.130858},
  urldate = {2021-05-31}
}

@incollection{barbosaCvc5VersatileIndustrialStrength2022,
  title = {Cvc5: {{A Versatile}} and {{Industrial-Strength SMT Solver}}},
  shorttitle = {Cvc5},
  booktitle = {Tools and {{Algorithms}} for the {{Construction}} and {{Analysis}} of {{Systems}}},
  author = {Barbosa, Haniel and Barrett, Clark and Brain, Martin and Kremer, Gereon and Lachnitt, Hanna and Mann, Makai and Mohamed, Abdalrhman and Mohamed, Mudathir and Niemetz, Aina and N{\"o}tzli, Andres and Ozdemir, Alex and Preiner, Mathias and Reynolds, Andrew and Sheng, Ying and Tinelli, Cesare and Zohar, Yoni},
  editor = {Fisman, Dana and Rosu, Grigore},
  year = {2022},
  volume = {13243},
  pages = {415--442},
  publisher = {{Springer International Publishing}},
  address = {{Cham}},
  doi = {10.1007/978-3-030-99524-9_24},
  urldate = {2022-05-09},
  isbn = {978-3-030-99523-2 978-3-030-99524-9},
  langid = {english},
  file = {/home/sguillou/Zotero/storage/3FB7GWIW/Barbosa et al. - 2022 - cvc5 A Versatile and Industrial-Strength SMT Solv.pdf}
}

@article{barendregtLambdaCalculiTypes2000,
  title = {Lambda {{Calculi}} with {{Types}}},
  author = {Barendregt, Henk and Abramsky, S. and Gabbay, D. and Maibaum, T. and Barendregt, Henk (Hendrik)},
  year = {2000},
  month = oct,
  keywords = {Read},
  file = {/home/sguillou/Zotero/storage/SXVI9ZTK/Barendregt et al. - 2000 - Lambda Calculi with Types.pdf}
}

@inproceedings{barrettCVC42011,
  title = {{{CVC4}}},
  booktitle = {Computer {{Aided Verification}}},
  author = {Barrett, Clark and Conway, Christopher L. and Deters, Morgan and Hadarean, Liana and Jovanovi{\'c}, Dejan and King, Tim and Reynolds, Andrew and Tinelli, Cesare},
  editor = {Gopalakrishnan, Ganesh and Qadeer, Shaz},
  year = {2011},
  series = {Lecture {{Notes}} in {{Computer Science}}},
  pages = {171--177},
  publisher = {{Springer}},
  address = {{Berlin, Heidelberg}},
  doi = {10.1007/978-3-642-22110-1_14},
  isbn = {978-3-642-22110-1},
  langid = {english},
  keywords = {Decision Procedure,Node Data,Node Manager,Node Object,Proof Rule},
  file = {/home/sguillou/Zotero/storage/LD79NNTU/Barrett et al. - 2011 - CVC4.pdf}
}

@inproceedings{bartheIntroductionDependentType2002,
  title = {An {{Introduction}} to {{Dependent Type Theory}}},
  booktitle = {Applied {{Semantics}}},
  author = {Barthe, Gilles and Coquand, Thierry},
  editor = {Barthe, Gilles and Dybjer, Peter and Pinto, Lu{\'i}s and Saraiva, Jo{\~a}o},
  year = {2002},
  series = {Lecture {{Notes}} in {{Computer Science}}},
  pages = {1--41},
  publisher = {{Springer}},
  address = {{Berlin, Heidelberg}},
  doi = {10.1007/3-540-45699-6_1},
  isbn = {978-3-540-45699-5},
  langid = {english},
  keywords = {Dependent Type,Functional Programming,Print,Type System,Type Theory,Typing Rule},
  file = {/home/sguillou/Zotero/storage/JYVXR8YZ/Barthe and Coquand - 2002 - An Introduction to Dependent Type Theory.pdf}
}

@article{basinCombiningWS1SHOL2001,
  title = {Combining {{WS1S}} and {{HOL}}},
  author = {Basin, David and Friedrich, Stefan},
  year = {2001},
  month = jul,
  keywords = {Print,Read}
}

@article{basinTermEqualityProblem1994a,
  title = {A Term Equality Problem Equivalent to Graph Isomorphism},
  author = {Basin, David A.},
  year = {1994},
  month = jul,
  journal = {Information Processing Letters},
  volume = {51},
  number = {2},
  pages = {61--66},
  issn = {00200190},
  doi = {10.1016/0020-0190(94)00084-0},
  urldate = {2021-09-13},
  langid = {english},
  file = {/home/sguillou/Zotero/storage/94MICTHB/Basin - 1994 - A term equality problem equivalent to graph isomor.pdf}
}

@article{bauerFiveStagesAccepting2016,
  title = {Five Stages of Accepting Constructive Mathematics},
  author = {Bauer, Andrej},
  year = {2016},
  month = oct,
  journal = {Bulletin of the American Mathematical Society},
  volume = {54},
  number = {3},
  pages = {481--498},
  issn = {0273-0979, 1088-9485},
  doi = {10.1090/bull/1556},
  urldate = {2020-09-17},
  langid = {english},
  keywords = {Read},
  file = {/home/sguillou/Zotero/storage/5982DKNU/Bauer - 2016 - Five stages of accepting constructive mathematics.pdf}
}

@inproceedings{bellOrthologicForcingManifestation1983,
  title = {Orthologic, {{Forcing}}, and {{The Manifestation}} of {{Attributes}}},
  booktitle = {Studies in {{Logic}} and the {{Foundations}} of {{Mathematics}}},
  author = {Bell, J. L.},
  editor = {Chong, C. -T. and Wicks, M. J.},
  year = {1983},
  month = jan,
  series = {Studies in {{Logic}} and the {{Foundations}} of {{Mathematics}}},
  volume = {111},
  pages = {13--36},
  publisher = {{Elsevier}},
  address = {{Singapore}},
  doi = {10.1016/S0049-237X(08)70953-4},
  urldate = {2023-06-23},
  langid = {english},
  file = {/home/sguillou/Zotero/storage/2XMCKBT5/S0049237X08709534.html}
}

@inproceedings{benkeEfficientTypeReconstruction1993,
  title = {Efficient Type Reconstruction in the Presence of Inheritance},
  booktitle = {Mathematical {{Foundations}} of {{Computer Science}} 1993},
  author = {Benke, Marcin},
  editor = {Borzyszkowski, Andrzej M. and Soko{\l}owski, Stefan},
  year = {1993},
  series = {Lecture {{Notes}} in {{Computer Science}}},
  pages = {272--280},
  publisher = {{Springer}},
  address = {{Berlin, Heidelberg}},
  doi = {10.1007/3-540-57182-5_19},
  isbn = {978-3-540-47927-7},
  langid = {english},
  keywords = {Absolute Retract,Deduction System,Needed,Polynomial Time,Type Inference,Type Reconstruction}
}

@article{benkeLogicalApproachComplexity,
  title = {A {{Logical Approach}} to {{Complexity Bounds}} for {{Subtype Inequalities}}},
  author = {Benke, Marcin},
  pages = {10},
  langid = {english},
  keywords = {Needed},
  file = {/home/sguillou/Zotero/storage/U3DUFVFG/Benke - A Logical Approach to Complexity Bounds for Subtyp.pdf}
}

@inproceedings{bentkampSuperpositionFullHigherorder2021,
  title = {Superposition for {{Full Higher-order Logic}}},
  booktitle = {Automated {{Deduction}} - {{CADE}} 28 - 28th {{International Conference}} on {{Automated Deduction}}, {{Virtual Event}}, {{July}} 12-15, 2021, {{Proceedings}}},
  author = {Bentkamp, Alexander and Blanchette, Jasmin and Tourret, Sophie and Vukmirovic, Petar},
  editor = {Platzer, Andr{\'e} and Sutcliffe, Geoff},
  year = {2021},
  series = {Lecture {{Notes}} in {{Computer Science}}},
  volume = {12699},
  pages = {396--412},
  publisher = {{Springer}},
  doi = {10.1007/978-3-030-79876-5_23},
  urldate = {2021-09-29},
  file = {/home/sguillou/Zotero/storage/Q7EMM7I9/Bentkamp et al. - 2021 - Superposition for Full Higher-order Logic.pdf}
}

@book{bertotInteractiveTheoremProving2004,
  title = {Interactive {{Theorem Proving}} and {{Program Development}}: {{Coq}}'{{Art}}: {{The Calculus}} of {{Inductive Constructions}}},
  shorttitle = {Interactive {{Theorem Proving}} and {{Program Development}}},
  author = {Bertot, Yves and Cast{\'e}ran, Pierre},
  year = {2004},
  series = {Texts in {{Theoretical Computer Science}}. {{An EATCS Series}}},
  publisher = {{Springer-Verlag}},
  address = {{Berlin Heidelberg}},
  doi = {10.1007/978-3-662-07964-5},
  urldate = {2021-06-22},
  isbn = {978-3-540-20854-9},
  langid = {english},
  file = {/home/sguillou/Zotero/storage/QWHUA3UH/9783540208549.html}
}

@misc{BetterTogetherUnifying,
  title = {Better {{Together}}: {{Unifying Datalog}} and {{Equality Saturation}} | {{Proceedings}} of the {{ACM}} on {{Programming Languages}}},
  urldate = {2023-06-29},
  howpublished = {https://dl.acm.org/doi/10.1145/3591239},
  file = {/home/sguillou/Zotero/storage/59FL9BXX/3591239.html}
}

@book{bezhanishviliLecturesLogicComputation2012,
  title = {Lectures on {{Logic}} and {{Computation}}: {{ESSLLI}} 2010 {{Copenhagen}}, {{Denmark}}, {{August}} 2010, {{ESSLLI}} 2011, {{Ljubljana}}, {{Slovenia}}, {{August}} 2011, {{Selected Lecture Notes}}},
  shorttitle = {Lectures on {{Logic}} and {{Computation}}},
  editor = {Bezhanishvili, Nick and Goranko, Valentin},
  year = {2012},
  series = {Lecture {{Notes}} in {{Computer Science}}},
  volume = {7388},
  publisher = {{Springer Berlin Heidelberg}},
  address = {{Berlin, Heidelberg}},
  doi = {10.1007/978-3-642-31485-8},
  urldate = {2020-09-17},
  isbn = {978-3-642-31484-1 978-3-642-31485-8},
  langid = {english},
  keywords = {Print,Read},
  file = {/home/sguillou/Zotero/storage/83JPBVXF/Bezhanishvili and Goranko - 2012 - Lectures on Logic and Computation ESSLLI 2010 Cop.pdf}
}

@misc{BibliographyManagementLaTeX,
  title = {{Bibliography management in LaTeX}},
  urldate = {2021-10-29},
  howpublished = {https://fr.overleaf.com/learn/latex/Bibliography\_management\_in\_LaTeX},
  langid = {french},
  file = {/home/sguillou/Zotero/storage/UY2P8DLA/Bibliography_management_in_LaTeX.html}
}

@article{biereAIGER2011,
  title = {{{AIGER}} 1.9 and Beyond},
  author = {Biere, Armin and Heljanko, Keijo and Wieringa, Siert},
  year = {2011},
  publisher = {{Institut for Formal Models and Verification, Johannes Kepler University}},
  doi = {10.35011/FMVTR.2011-2},
  urldate = {2022-10-12},
  langid = {english},
  file = {/home/sguillou/Zotero/storage/DU3LP5DG/Biere et al. - 2011 - AIGER 1.9 and beyond.pdf}
}

@book{biereAIGER2011a,
  title = {{{AIGER}} 1.9 and Beyond},
  author = {Biere, Armin and Heljanko, Keijo and Wieringa, Siert},
  year = {2011},
  series = {{{FMV Technical Reports}}},
  number = {11/2},
  publisher = {{Johannes Kepler Universit\"at Linz, Institut f\"ur Formale Modelle und Verifikation}},
  address = {{Linz}},
  doi = {10.35011/fmvtr.2011-2},
  urldate = {2022-10-13},
  copyright = {cc-by\_4},
  langid = {english},
  lccn = {UL:TN:FM},
  keywords = {AIGER,format description},
  annotation = {Accession Number: AC16184715},
  file = {/home/sguillou/Zotero/storage/AH7EBKZ4/2011 - AIGER 1.9 and beyond.pdf}
}

@article{biereAIGERAndInverterGraph2007,
  title = {The {{AIGER And-Inverter Graph}} ({{AIG}}) {{Format Version}} 20071012},
  author = {Biere, Armin},
  year = {2007},
  publisher = {{Institut for Formal Models and Verification, Johannes Kepler University}},
  doi = {10.35011/FMVTR.2007-1},
  urldate = {2022-10-12},
  langid = {english},
  file = {/home/sguillou/Zotero/storage/ETF67RSD/Biere - 2007 - The AIGER And-Inverter Graph (AIG) Format Version .pdf}
}

@inproceedings{bierePreprocessingInprocessingTechniques2012,
  title = {Preprocessing and {{Inprocessing Techniques}} in {{SAT}}},
  booktitle = {Hardware and {{Software}}: {{Verification}} and {{Testing}}},
  author = {Biere, Armin},
  editor = {Eder, Kerstin and Louren{\c c}o, Jo{\~a}o and Shehory, Onn},
  year = {2012},
  series = {Lecture {{Notes}} in {{Computer Science}}},
  pages = {1--1},
  publisher = {{Springer}},
  address = {{Berlin, Heidelberg}},
  doi = {10.1007/978-3-642-34188-5_1},
  isbn = {978-3-642-34188-5},
  langid = {english},
  file = {/home/sguillou/Zotero/storage/ALM2LNXJ/Biere - 2012 - Preprocessing and Inprocessing Techniques in SAT.pdf}
}

@article{birkhoffLogicQuantumMechanics1936,
  title = {The {{Logic}} of {{Quantum Mechanics}}},
  author = {Birkhoff, Garrett and Von Neumann, John},
  year = {1936},
  journal = {Annals of Mathematics},
  volume = {37},
  number = {4},
  eprint = {1968621},
  eprinttype = {jstor},
  pages = {823--843},
  publisher = {{Annals of Mathematics}},
  issn = {0003-486X},
  doi = {10.2307/1968621},
  urldate = {2023-06-13},
  file = {/home/sguillou/Zotero/storage/CSB9262L/Birkhoff et Von Neumann - 1936 - The Logic of Quantum Mechanics.pdf}
}

@article{birkhoffLogicQuantumMechanics1936a,
  title = {The {{Logic}} of {{Quantum Mechanics}}},
  author = {Birkhoff, Garrett and Von Neumann, John},
  year = {1936},
  journal = {Annals of Mathematics},
  volume = {37},
  number = {4},
  eprint = {1968621},
  eprinttype = {jstor},
  pages = {823--843},
  publisher = {{Annals of Mathematics}},
  issn = {0003-486X},
  doi = {10.2307/1968621},
  urldate = {2023-06-23},
  file = {/home/sguillou/Zotero/storage/U3CI5KEG/Birkhoff and Von Neumann - 1936 - The Logic of Quantum Mechanics.pdf}
}

@incollection{blanchetteTrulyModularCo2014,
  title = {Truly {{Modular}} ({{Co}})Datatypes for {{Isabelle}}/{{HOL}}},
  booktitle = {Interactive {{Theorem Proving}}},
  author = {Blanchette, Jasmin Christian and H{\"o}lzl, Johannes and Lochbihler, Andreas and Panny, Lorenz and Popescu, Andrei and Traytel, Dmitriy},
  editor = {Hutchison, David and Kanade, Takeo and Kittler, Josef and Kleinberg, Jon M. and Kobsa, Alfred and Mattern, Friedemann and Mitchell, John C. and Naor, Moni and Nierstrasz, Oscar and Pandu Rangan, C. and Steffen, Bernhard and Terzopoulos, Demetri and Tygar, Doug and Weikum, Gerhard and Klein, Gerwin and Gamboa, Ruben},
  year = {2014},
  volume = {8558},
  pages = {93--110},
  publisher = {{Springer International Publishing}},
  address = {{Cham}},
  doi = {10.1007/978-3-319-08970-6_7},
  urldate = {2022-03-20},
  isbn = {978-3-319-08969-0 978-3-319-08970-6},
  langid = {english},
  keywords = {Read},
  file = {/home/sguillou/Zotero/storage/SQ9ARKIP/Blanchette et al. - 2014 - Truly Modular (Co)datatypes for IsabelleHOL.pdf}
}

@article{blanquiEncodingTypeUniverses,
  title = {Encoding Type Universes without Using Matching modulo {{AC}}},
  author = {Blanqui, Frederic},
  pages = {15},
  langid = {english},
  file = {/home/sguillou/Zotero/storage/6HD6G5ID/Blanqui - Encoding type universes without using matching mod.pdf}
}

@article{bonzioNoteOrthomodularLattices2017,
  title = {A {{Note}} on {{Orthomodular Lattices}}},
  author = {Bonzio, Stefano and Chajda, Ivan},
  year = {2017},
  month = dec,
  journal = {International Journal of Theoretical Physics},
  volume = {56},
  doi = {10.1007/s10773-016-3258-6},
  file = {/home/sguillou/Zotero/storage/CVI9XTPX/Bonzio and Chajda - 2017 - A Note on Orthomodular Lattices.pdf}
}

@article{borosRecognitionQHornFormulae1994,
  title = {Recognition of Q-{{Horn}} Formulae in Linear Time},
  author = {Boros, Endre and Hammer, Peter L. and Sun, Xiaorong},
  year = {1994},
  month = oct,
  journal = {Discrete Applied Mathematics},
  volume = {55},
  number = {1},
  pages = {1--13},
  issn = {0166-218X},
  doi = {10.1016/0166-218X(94)90033-7},
  urldate = {2023-06-12},
  langid = {english},
  file = {/home/sguillou/Zotero/storage/2QV7PSBN/Boros et al. - 1994 - Recognition of q-Horn formulae in linear time.pdf;/home/sguillou/Zotero/storage/IDBRFKPG/0166218X94900337.html}
}

@incollection{boudetACunificationHigherorderPatterns1997,
  title = {{{AC-unification}} of Higher-Order Patterns},
  booktitle = {Principles and {{Practice}} of {{Constraint Programming-CP97}}},
  author = {Boudet, Alexandre and Contejean, Evelyne},
  editor = {Goos, Gerhard and Hartmanis, Juris and {van Leeuwen}, Jan and Smolka, Gert},
  year = {1997},
  volume = {1330},
  pages = {267--281},
  publisher = {{Springer Berlin Heidelberg}},
  address = {{Berlin, Heidelberg}},
  doi = {10.1007/BFb0017445},
  urldate = {2021-05-06},
  isbn = {978-3-540-63753-0 978-3-540-69642-1},
  langid = {english},
  file = {/home/sguillou/Zotero/storage/KJBHREIU/Boudet et Contejean - 1997 - AC-unification of higher-order patterns.pdf}
}

@inproceedings{bradleySATBasedModelChecking2011,
  title = {{{SAT-Based Model Checking}} without {{Unrolling}}},
  booktitle = {Verification, {{Model Checking}}, and {{Abstract Interpretation}}},
  author = {Bradley, Aaron R.},
  editor = {Jhala, Ranjit and Schmidt, David},
  year = {2011},
  series = {Lecture {{Notes}} in {{Computer Science}}},
  pages = {70--87},
  publisher = {{Springer}},
  address = {{Berlin, Heidelberg}},
  doi = {10.1007/978-3-642-18275-4_7},
  isbn = {978-3-642-18275-4},
  langid = {english},
  keywords = {Inductive Generalization,Model Check,Safety Property,Symbolic Model Check,Transition Relation},
  file = {/home/sguillou/Zotero/storage/QH2G2FW7/Bradley - 2011 - SAT-Based Model Checking without Unrolling.pdf}
}

@incollection{braibantTacticsReasoningModulo2011,
  title = {Tactics for {{Reasoning Modulo AC}} in {{Coq}}},
  booktitle = {Certified {{Programs}} and {{Proofs}}},
  author = {Braibant, Thomas and Pous, Damien},
  editor = {Jouannaud, Jean-Pierre and Shao, Zhong},
  year = {2011},
  volume = {7086},
  pages = {167--182},
  publisher = {{Springer Berlin Heidelberg}},
  address = {{Berlin, Heidelberg}},
  doi = {10.1007/978-3-642-25379-9_14},
  urldate = {2021-05-06},
  isbn = {978-3-642-25378-2 978-3-642-25379-9},
  langid = {english},
  file = {/home/sguillou/Zotero/storage/WPN6E49K/Braibant et Pous - 2011 - Tactics for Reasoning Modulo AC in Coq.pdf}
}

@inproceedings{brownHigherOrderTarskiGrothendieck2019,
  title = {Higher-{{Order Tarski Grothendieck}} as a {{Foundation}} for {{Formal Proof}}},
  booktitle = {{{ITP}}},
  author = {Brown, Chad E. and Kaliszyk, C. and Pak, Karol},
  year = {2019},
  doi = {10.4230/LIPIcs.ITP.2019.9}
}

@inproceedings{brownSatallaxAutomaticHigherOrder2012,
  title = {Satallax: {{An Automatic Higher-Order Prover}}},
  shorttitle = {Satallax},
  booktitle = {Automated {{Reasoning}}},
  author = {Brown, Chad E.},
  editor = {Gramlich, Bernhard and Miller, Dale and Sattler, Uli},
  year = {2012},
  series = {Lecture {{Notes}} in {{Computer Science}}},
  pages = {111--117},
  publisher = {{Springer}},
  address = {{Berlin, Heidelberg}},
  doi = {10.1007/978-3-642-31365-3_11},
  isbn = {978-3-642-31365-3},
  langid = {english},
  keywords = {higher-order logic,higher-order theorem proving,simple type theory},
  file = {/home/sguillou/Zotero/storage/N6FKDN44/Brown - 2012 - Satallax An Automatic Higher-Order Prover.pdf}
}

@article{brunsFreeOrtholattices1976,
  title = {Free {{Ortholattices}}},
  author = {Bruns, G{\"u}nter},
  year = {1976},
  month = oct,
  journal = {Canadian Journal of Mathematics},
  volume = {28},
  number = {5},
  pages = {977--985},
  publisher = {{Cambridge University Press}},
  issn = {0008-414X, 1496-4279},
  doi = {10.4153/CJM-1976-095-6},
  urldate = {2021-09-23},
  langid = {english},
  file = {/home/sguillou/Zotero/storage/DTIXXI63/Bruns - 1976 - Free Ortholattices.pdf;/home/sguillou/Zotero/storage/JZWYSGIC/6BD405B268BCDD7B8CE75706F04A6084.html}
}

@inproceedings{brunsModelCheckingMultivalued2004,
  title = {Model {{Checking}} with {{Multi-valued Logics}}},
  booktitle = {Automata, {{Languages}} and {{Programming}}},
  author = {Bruns, Glenn and Godefroid, Patrice},
  editor = {D{\'i}az, Josep and Karhum{\"a}ki, Juhani and Lepist{\"o}, Arto and Sannella, Donald},
  year = {2004},
  series = {Lecture {{Notes}} in {{Computer Science}}},
  pages = {281--293},
  publisher = {{Springer}},
  address = {{Berlin, Heidelberg}},
  doi = {10.1007/978-3-540-27836-8_26},
  isbn = {978-3-540-27836-8},
  langid = {english},
  keywords = {Atomic Proposition,Distributive Lattice,Lattice Element,Model Check,Temporal Logic},
  file = {/home/sguillou/Zotero/storage/YFPWF7JY/Bruns and Godefroid - 2004 - Model Checking with Multi-valued Logics.pdf}
}

@inproceedings{bruttomessoOpenSMTSolver2010,
  title = {The {{OpenSMT}} Solver},
  booktitle = {Proceedings of the 16th International Conference on {{Tools}} and {{Algorithms}} for the {{Construction}} and {{Analysis}} of {{Systems}}},
  author = {Bruttomesso, Roberto and Pek, Edgar and Sharygina, Natasha and Tsitovich, Aliaksei},
  year = {2010},
  month = mar,
  series = {{{TACAS}}'10},
  pages = {150--153},
  publisher = {{Springer-Verlag}},
  address = {{Berlin, Heidelberg}},
  doi = {10.1007/978-3-642-12002-2_12},
  urldate = {2021-09-29},
  isbn = {978-3-642-12001-5},
  file = {/home/sguillou/Zotero/storage/PCMCEZS3/Bruttomesso et al. - 2010 - The OpenSMT solver.pdf}
}

@incollection{bruttomessoOpenSMTSolver2010a,
  title = {The {{OpenSMT Solver}}},
  booktitle = {Tools and {{Algorithms}} for the {{Construction}} and {{Analysis}} of {{Systems}}},
  author = {Bruttomesso, Roberto and Pek, Edgar and Sharygina, Natasha and Tsitovich, Aliaksei},
  editor = {Hutchison, David and Kanade, Takeo and Kittler, Josef and Kleinberg, Jon M. and Mattern, Friedemann and Mitchell, John C. and Naor, Moni and Nierstrasz, Oscar and Pandu Rangan, C. and Steffen, Bernhard and Sudan, Madhu and Terzopoulos, Demetri and Tygar, Doug and Vardi, Moshe Y. and Weikum, Gerhard and Esparza, Javier and Majumdar, Rupak},
  year = {2010},
  volume = {6015},
  pages = {150--153},
  publisher = {{Springer Berlin Heidelberg}},
  address = {{Berlin, Heidelberg}},
  doi = {10.1007/978-3-642-12002-2_12},
  urldate = {2021-10-01},
  isbn = {978-3-642-12001-5 978-3-642-12002-2},
  langid = {english},
  file = {/home/sguillou/Zotero/storage/4T69IYGD/Bruttomesso et al. - 2010 - The OpenSMT Solver.pdf}
}

@inproceedings{brzozowskiMorganBisemilattices2000,
  title = {De {{Morgan}} Bisemilattices},
  booktitle = {Proceedings 30th {{IEEE International Symposium}} on {{Multiple-Valued Logic}} ({{ISMVL}} 2000)},
  author = {Brzozowski, J.A.},
  year = {2000},
  month = may,
  pages = {173--178},
  issn = {0195-623X},
  doi = {10.1109/ISMVL.2000.848616},
  keywords = {Absorption,Algebra,Circuit simulation,Computer science,Digital circuits,Inverters,Logic circuits},
  file = {/home/sguillou/Zotero/storage/JXPNKLW3/Brzozowski - 2000 - de Morgan bisemilattices.pdf;/home/sguillou/Zotero/storage/ET9M8XWZ/848616.html}
}

@incollection{bussAlogtimeAlgorithmsTree1997,
  title = {Alogtime Algorithms for Tree Isomorphism, Comparison, and Canonization},
  booktitle = {Computational {{Logic}} and {{Proof Theory}}},
  author = {Buss, Samuel R.},
  editor = {Goos, Gerhard and Hartmanis, Juris and Leeuwen, Jan and Gottlob, Georg and Leitsch, Alexander and Mundici, Daniele},
  year = {1997},
  volume = {1289},
  pages = {18--33},
  publisher = {{Springer Berlin Heidelberg}},
  address = {{Berlin, Heidelberg}},
  doi = {10.1007/3-540-63385-5_30},
  urldate = {2021-05-06},
  isbn = {978-3-540-63385-3 978-3-540-69806-7},
  langid = {english},
  file = {/home/sguillou/Zotero/storage/28UMFXDK/Buss - 1997 - Alogtime algorithms for tree isomorphism, comparis.pdf}
}

@incollection{bussChapterIntroductionProof1998,
  title = {Chapter {{I}} - {{An Introduction}} to {{Proof Theory}}},
  booktitle = {Studies in {{Logic}} and the {{Foundations}} of {{Mathematics}}},
  author = {Buss, Samuel R.},
  editor = {Buss, Samuel R.},
  year = {1998},
  month = jan,
  series = {Handbook of {{Proof Theory}}},
  volume = {137},
  pages = {1--78},
  publisher = {{Elsevier}},
  doi = {10.1016/S0049-237X(98)80016-5},
  urldate = {2023-03-25},
  langid = {english},
  file = {/home/sguillou/Zotero/storage/ESA6QW2A/Buss - 1998 - Chapter I - An Introduction to Proof Theory.pdf;/home/sguillou/Zotero/storage/ZB7IS2K3/S0049237X98800165.html}
}

@book{bussHandbookProofTheory1998,
  title = {Handbook of {{Proof Theory}}},
  author = {Buss, Samuel R.},
  year = {1998},
  publisher = {{Elsevier}},
  file = {/home/sguillou/Zotero/storage/3EM7XZPT/Buss - 1998 - Handbook of Proof Theory.pdf;/home/sguillou/Zotero/storage/GH89ULP6/BUSHOP.html}
}

@misc{buzzardLeanPerfectoidSpaces,
  title = {Lean Perfectoid Spaces},
  author = {Buzzard, Kevin and Commelin, Johan and Massot, Patrick},
  urldate = {2021-06-23},
  howpublished = {https://leanprover-community.github.io/lean-perfectoid-spaces/},
  file = {/home/sguillou/Zotero/storage/74V7LUCU/lean-perfectoid-spaces.html}
}

@article{caminatimarcobright;sapienza-universitadiromaBasicFirstorderModel2010,
  title = {Basic First-Order Model Theory in {{Mizar}}},
  author = {{Caminati, Marco Bright; Sapienza-Universit{\`a} Di Roma}},
  year = {2010},
  journal = {Journal of Formalized Reasoning; Vol 3},
  pages = {No 1 (2010); 4977},
  publisher = {{Journal of Formalized ReasoningJournal of Formalized Reasoning}},
  doi = {10.6092/ISSN.1972-5787/1974},
  urldate = {2023-04-22}
}

@misc{caminatiSimplifiedFrameworkFirstorder2012,
  title = {A Simplified Framework for First-Order Languages and Its Formalization in {{Mizar}}},
  author = {Caminati, Marco B.},
  year = {2012},
  month = may,
  number = {arXiv:1205.4316},
  eprint = {1205.4316},
  primaryclass = {cs, math},
  publisher = {{arXiv}},
  urldate = {2023-04-22},
  archiveprefix = {arxiv},
  langid = {english},
  keywords = {{03C07, 97N80, 03B70},Computer Science - Logic in Computer Science,Mathematics - Logic},
  file = {/home/sguillou/Zotero/storage/QI476R9T/Caminati - 2012 - A simplified framework for first-order languages a.pdf}
}

@article{cepekKnownNewClasses2005,
  title = {Known and New Classes of Generalized {{Horn}} Formulae with Polynomial Recognition and {{SAT}} Testing},
  author = {{\v C}epek, Ond{\v r}ej and Ku{\v c}era, Petr},
  year = {2005},
  month = aug,
  journal = {Discrete Applied Mathematics},
  series = {Boolean and {{Pseudo-Boolean Functions}}},
  volume = {149},
  number = {1},
  pages = {14--52},
  issn = {0166-218X},
  doi = {10.1016/j.dam.2003.12.011},
  urldate = {2023-06-10},
  langid = {english},
  keywords = {Conjunctive normal form,Horn Boolean formula,Polynomial time,Satisfiability},
  file = {/home/sguillou/Zotero/storage/2PBVNZSS/ƒåepek et Kuƒçera - 2005 - Known and new classes of generalized Horn formulae.pdf;/home/sguillou/Zotero/storage/CH3WZNL2/S0166218X05000697.html}
}

@article{chajdaGeneralizationEffectAlgebras2012,
  title = {A Generalization of Effect Algebras and Ortholattices},
  author = {Chajda, Ivan and K{\"u}hr, Jan},
  year = {2012},
  month = dec,
  journal = {Mathematica Slovaca},
  volume = {62},
  number = {6},
  pages = {1045--1062},
  publisher = {{De Gruyter}},
  issn = {1337-2211},
  doi = {10.2478/s12175-012-0063-4},
  urldate = {2023-06-28},
  langid = {english},
  keywords = {effect algebra,generalized pre-effect algebra,ortholattice,pre-effect algebra},
  file = {/home/sguillou/Zotero/storage/AHFDIIZU/Chajda and K√ºhr - 2012 - A generalization of effect algebras and ortholatti.pdf}
}

@misc{chajdaImplicationOrthologic2003,
  title = {An Implication in Orthologic},
  author = {Chajda, I. and Halas, R.},
  year = {2003},
  month = apr,
  number = {arXiv:quant-ph/0210083},
  eprint = {quant-ph/0210083},
  publisher = {{arXiv}},
  doi = {10.48550/arXiv.quant-ph/0210083},
  urldate = {2023-06-04},
  archiveprefix = {arxiv},
  keywords = {Quantum Physics},
  file = {/home/sguillou/Zotero/storage/C6DF6UPV/Chajda et Halas - 2003 - An implication in orthologic.pdf;/home/sguillou/Zotero/storage/G3DUIL4J/0210083.html}
}

@article{chajdaImplicationOrthologic2005,
  title = {An {{Implication}} in {{Orthologic}}},
  author = {Chajda, I. and Hala{\v s}, R.},
  year = {2005},
  month = jul,
  journal = {International Journal of Theoretical Physics},
  volume = {44},
  number = {7},
  pages = {735--744},
  issn = {1572-9575},
  doi = {10.1007/s10773-005-7051-1},
  urldate = {2023-06-04},
  langid = {english},
  keywords = {congruence,congruence kernel,implication orthoalagebra,ortholattice,orthosemilattice}
}

@article{chajdaShefferOperationOrtholattices2005,
  title = {Sheffer Operation in Ortholattices},
  author = {Chajda, Ivan},
  year = {2005},
  journal = {Acta Universitatis Palackianae Olomucensis. Facultas Rerum Naturalium. Mathematica},
  volume = {44},
  number = {1},
  pages = {19--23},
  publisher = {{Palack\'y University Olomouc}},
  issn = {0231-9721},
  urldate = {2022-05-19},
  langid = {english},
  file = {/home/sguillou/Zotero/storage/NR9IX5EB/32449.html}
}

@article{chandruExtendedHornSets1991,
  title = {Extended {{Horn}} Sets in Propositional Logic},
  author = {Chandru, V. and Hooker, J. N.},
  year = {1991},
  month = jan,
  journal = {Journal of the ACM},
  volume = {38},
  number = {1},
  pages = {205--221},
  issn = {0004-5411},
  doi = {10.1145/102782.102789},
  urldate = {2023-06-12},
  keywords = {Horn clauses,propositional logic},
  file = {/home/sguillou/Zotero/storage/6ZVTSZVM/Chandru and Hooker - 1991 - Extended Horn sets in propositional logic.pdf}
}

@article{chandruRenamableHornGeneralized1990,
  title = {On Renamable {{Horn}} and Generalized {{Horn}} Functions},
  author = {Chandru, Vijaya and Coullard, Collette R. and Hammer, Peter L. and Monta{\~n}ez, Miguel and Sun, Xiaorong},
  year = {1990},
  month = sep,
  journal = {Annals of Mathematics and Artificial Intelligence},
  volume = {1},
  number = {1},
  pages = {33--47},
  issn = {1573-7470},
  doi = {10.1007/BF01531069},
  urldate = {2023-06-07},
  langid = {english},
  keywords = {Computational logic,generalized Horn formulae,Horn formulae},
  file = {/home/sguillou/Zotero/storage/7SSUI7GQ/Chandru et al. - 1990 - On renamable Horn and generalized Horn functions.pdf}
}

@inproceedings{charatonikComplexityBernaysSchonfinkelClass2010,
  title = {On the {{Complexity}} of the {{Bernays-Sch\"onfinkel Class}} with {{Datalog}}},
  booktitle = {Logic for {{Programming}}, {{Artificial Intelligence}}, and {{Reasoning}}},
  author = {Charatonik, Witold and Witkowski, Piotr},
  editor = {Ferm{\"u}ller, Christian G. and Voronkov, Andrei},
  year = {2010},
  series = {Lecture {{Notes}} in {{Computer Science}}},
  pages = {187--201},
  publisher = {{Springer}},
  address = {{Berlin, Heidelberg}},
  doi = {10.1007/978-3-642-16242-8_14},
  isbn = {978-3-642-16242-8},
  langid = {english},
  keywords = {Bounded Model Check,Model Check,Pointer Program,Reachability Problem,Transitive Closure}
}

@inproceedings{chaudhuriProoftheoreticApproachCertifying2019,
  title = {A Proof-Theoretic Approach to Certifying Skolemization},
  booktitle = {Proceedings of the 8th {{ACM SIGPLAN International Conference}} on {{Certified Programs}} and {{Proofs}}  - {{CPP}} 2019},
  author = {Chaudhuri, Kaustuv and Manighetti, Matteo and Miller, Dale},
  year = {2019},
  pages = {78--90},
  publisher = {{ACM Press}},
  address = {{Cascais, Portugal}},
  doi = {10.1145/3293880.3294094},
  urldate = {2021-06-06},
  isbn = {978-1-4503-6222-1},
  langid = {english},
  file = {/home/sguillou/Zotero/storage/SIW89JPP/Chaudhuri et al. - 2019 - A proof-theoretic approach to certifying skolemiza.pdf}
}

@inproceedings{chaudhuriTLAProofSystem2008,
  title = {A {{TLA}}+ Proof System},
  booktitle = {{{CEUR Workshop Proceedings}}},
  author = {Chaudhuri, Kaustuv and Doligez, Damien and Lamport, Leslie and Merz, Stephan},
  year = {2008},
  month = jan,
  volume = {418},
  file = {/home/sguillou/Zotero/storage/LZPYNWUM/Chaudhuri et al. - 2008 - A TLA+ proof system.pdf}
}

@article{cholakCOMPLEXITYLOCALSTRATIFICATION1994,
  title = {{{THE COMPLEXITY OF LOCAL STRATIFICATION}}},
  author = {Cholak, Peter and Blair, Howard A.},
  year = {1994},
  journal = {Fundamenta Informaticae},
  volume = {21},
  number = {4},
  pages = {333--344},
  issn = {01692968},
  doi = {10.3233/FI-1994-2144},
  urldate = {2023-06-29},
  file = {/home/sguillou/Zotero/storage/QVFG5HTB/Cholak and Blair - 1994 - THE COMPLEXITY OF LOCAL STRATIFICATION.pdf}
}

@inproceedings{clarkNegationFailure1977,
  title = {Negation as {{Failure}}},
  author = {Clark, Keith},
  year = {1977},
  month = jan,
  pages = {293--322},
  doi = {10.1007/978-1-4684-3384-5_11},
  isbn = {978-1-4684-3386-9}
}

@incollection{clarkNegationFailure1978,
  title = {Negation as {{Failure}}},
  booktitle = {Logic and {{Data Bases}}},
  author = {Clark, Keith L.},
  editor = {Gallaire, Herv{\'e} and Minker, Jack},
  year = {1978},
  pages = {293--322},
  publisher = {{Springer US}},
  address = {{Boston, MA}},
  doi = {10.1007/978-1-4684-3384-5_11},
  urldate = {2023-06-27},
  isbn = {978-1-4684-3384-5},
  langid = {english},
  keywords = {Data Base,Evaluation Tree,Inference Rule,Query Evaluation,Selection Rule},
  file = {/home/sguillou/Zotero/storage/FM34GGVJ/Clark - 1977 - Negation as Failure.pdf}
}

@inproceedings{comonOrderingACtheoriesSymbolic1995,
  title = {Ordering, {{AC-theories}} and Symbolic Constraint Solving},
  booktitle = {Proceedings of {{Tenth Annual IEEE Symposium}} on {{Logic}} in {{Computer Science}}},
  author = {Comon, H. and Nieuwenhuis, R. and Rubio, A.},
  year = {1995},
  pages = {375--385},
  publisher = {{IEEE}},
  address = {{San Deigo, CA, USA}},
  doi = {10.1109/LICS.1995.523272},
  urldate = {2021-05-06},
  isbn = {978-0-8186-7050-3},
  langid = {english},
  file = {/home/sguillou/Zotero/storage/2IRY7Q2I/Comon et al. - 1995 - Ordering, AC-theories and symbolic constraint solv.pdf}
}

@article{cookQuantifiedPropositionalCalculus2005,
  title = {Quantified Propositional Calculus and a Second-Order Theory for {{NC1}}},
  author = {Cook, Stephen and Morioka, Tsuyoshi},
  year = {2005},
  month = aug,
  journal = {Archive for Mathematical Logic},
  volume = {44},
  number = {6},
  pages = {711--749},
  issn = {0933-5846, 1432-0665},
  doi = {10.1007/s00153-005-0282-2},
  urldate = {2023-08-22},
  langid = {english}
}

@misc{CoqcommunityCoqtailmathCoqtail,
  title = {Coq-Community/Coqtail-Math: {{Coqtail}} Is a Library of Mathematical Theorems and Tools Proved inside the {{Coq}} Proof Assistant. {{Results}} Range Mostly from Arithmetic to Real and Complex Analysis. [Maintainer=@jmadiot]},
  urldate = {2023-05-04},
  howpublished = {https://github.com/coq-community/coqtail-math},
  file = {/home/sguillou/Zotero/storage/4X6FRRPC/coqtail-math.html}
}

@misc{CoqcontribsZfc2020,
  title = {Coq-Contribs/Zfc},
  year = {2020},
  month = dec,
  urldate = {2021-06-14},
  copyright = {LGPL-2.1},
  howpublished = {coq-contribs}
}

@article{coquandAnalysisGirardParadox,
  title = {An Analysis of {{Girard}}'s Paradox},
  author = {Coquand, T},
  pages = {25},
  file = {/home/sguillou/Zotero/storage/8GDX3WKJ/Coquand - An analysis of Girard's paradox.pdf}
}

@article{coquandCalculusConstructions1988,
  title = {The Calculus of Constructions},
  author = {Coquand, Thierry and Huet, G{\'e}rard},
  year = {1988},
  month = feb,
  journal = {Information and Computation},
  volume = {76},
  number = {2},
  pages = {95--120},
  issn = {0890-5401},
  doi = {10.1016/0890-5401(88)90005-3},
  urldate = {2021-06-11},
  langid = {english},
  file = {/home/sguillou/Zotero/storage/DZQC9VC7/Coquand et Huet - 1988 - The calculus of constructions.pdf;/home/sguillou/Zotero/storage/983ISZNR/0890540188900053.html}
}

@article{cosmadakisWordGeneratorProblems1988,
  title = {The Word and Generator Problems for Lattices},
  author = {Cosmadakis, Stavros S.},
  year = {1988},
  month = jun,
  journal = {Information and Computation},
  volume = {77},
  number = {3},
  pages = {192--217},
  issn = {08905401},
  doi = {10.1016/0890-5401(88)90048-X},
  urldate = {2021-09-24},
  langid = {english},
  file = {/home/sguillou/Zotero/storage/J9U2KUGS/Cosmadakis - 1988 - The word and generator problems for lattices.pdf}
}

@inproceedings{cousotAbstractInterpretationUnified1977,
  title = {Abstract Interpretation: A Unified Lattice Model for Static Analysis of Programs by Construction or Approximation of Fixpoints},
  shorttitle = {Abstract Interpretation},
  booktitle = {Proceedings of the 4th {{ACM SIGACT-SIGPLAN}} Symposium on {{Principles}} of Programming Languages},
  author = {Cousot, Patrick and Cousot, Radhia},
  year = {1977},
  month = jan,
  series = {{{POPL}} '77},
  pages = {238--252},
  publisher = {{Association for Computing Machinery}},
  address = {{New York, NY, USA}},
  doi = {10.1145/512950.512973},
  urldate = {2023-09-07},
  isbn = {978-1-4503-7350-0},
  file = {/home/sguillou/Zotero/storage/4SJSTAAJ/Cousot and Cousot - 1977 - Abstract interpretation a unified lattice model f.pdf}
}

@article{craigThreeUsesHerbrandGentzen1957,
  title = {Three Uses of the {{Herbrand-Gentzen}} Theorem in Relating Model Theory and Proof Theory},
  author = {Craig, William},
  year = {1957},
  month = sep,
  journal = {Journal of Symbolic Logic},
  volume = {22},
  number = {3},
  pages = {269--285},
  issn = {0022-4812, 1943-5886},
  doi = {10.2307/2963594},
  urldate = {2023-08-27},
  langid = {english}
}

@article{dantsinComplexityExpressivePower2001,
  title = {Complexity and Expressive Power of Logic Programming},
  author = {Dantsin, Evgeny and Eiter, Thomas and Gottlob, Georg and Voronkov, Andrei},
  year = {2001},
  month = sep,
  journal = {ACM Computing Surveys},
  volume = {33},
  number = {3},
  pages = {374--425},
  issn = {0360-0300},
  doi = {10.1145/502807.502810},
  urldate = {2023-07-05},
  keywords = {Complexity,datalog,expressive power,logic programming,nonmonotonic logic,query languages},
  file = {/home/sguillou/Zotero/storage/HLWWL7J4/Dantsin et al. - 2001 - Complexity and expressive power of logic programmi.pdf}
}

@article{daskalakisSortingSelectionPosets,
  title = {Sorting and {{Selection}} in {{Posets}}},
  author = {Daskalakis, Constantinos and Karp, Richard M and Mossel, Elchanan and Verbin, Elad and Riesenfeld, Samantha},
  pages = {10},
  langid = {english},
  keywords = {Needed},
  file = {/home/sguillou/Zotero/storage/B2ZYVK5U/Daskalakis et al. - Sorting and Selection in Posets.pdf}
}

@book{daveyIntroductionLatticesOrder2002,
  title = {Introduction to {{Lattices}} and {{Order}}},
  author = {Davey, B. A. and Priestley, H. A.},
  year = {2002},
  edition = {2},
  publisher = {{Cambridge University Press}},
  address = {{Cambridge}},
  doi = {10.1017/CBO9780511809088},
  urldate = {2023-07-07},
  isbn = {978-0-521-78451-1},
  file = {/home/sguillou/Zotero/storage/RFXQT9R7/946458CB6638AF86D85BA00F5787F4F4.html}
}

@article{davisMachineProgramTheoremproving1962,
  title = {A Machine Program for Theorem-Proving},
  author = {Davis, Martin and Logemann, George and Loveland, Donald},
  year = {1962},
  month = jul,
  journal = {Communications of the ACM},
  volume = {5},
  number = {7},
  pages = {394--397},
  issn = {0001-0782},
  doi = {10.1145/368273.368557},
  urldate = {2021-10-01},
  file = {/home/sguillou/Zotero/storage/THXL5IR8/Davis et al. - 1962 - A machine program for theorem-proving.pdf}
}

@article{dayDoublingConstructionsLattice1992,
  title = {Doubling {{Constructions}} in {{Lattice Theory}}},
  author = {Day, Alan},
  year = {1992},
  month = apr,
  journal = {Canadian Journal of Mathematics},
  volume = {44},
  number = {2},
  pages = {252--269},
  publisher = {{Cambridge University Press}},
  issn = {0008-414X, 1496-4279},
  doi = {10.4153/CJM-1992-017-7},
  urldate = {2022-05-23},
  langid = {english},
  keywords = {06B05,06B25},
  file = {/home/sguillou/Zotero/storage/5B4MMHFR/Day - 1992 - Doubling Constructions in Lattice Theory.pdf;/home/sguillou/Zotero/storage/F3YY9U3I/FEDEB48AA3ACB4449CDDA7CDF7B1ED5F.html}
}

@article{daySimpleSolutionWord1970,
  title = {A {{Simple Solution}} to the {{Word Problem}} for {{Lattices}}},
  author = {Day, Alan},
  year = {1970},
  month = jun,
  journal = {Canadian Mathematical Bulletin},
  volume = {13},
  number = {2},
  pages = {253--254},
  publisher = {{Cambridge University Press}},
  issn = {0008-4395, 1496-4287},
  doi = {10.4153/CMB-1970-051-0},
  urldate = {2022-05-23},
  langid = {english},
  file = {/home/sguillou/Zotero/storage/9Q46PF7T/Day - 1970 - A Simple Solution to the Word Problem for Lattices.pdf;/home/sguillou/Zotero/storage/7MGC562B/B4B9B2CBCCC01ED44BF83EB4B8FBAB97.html}
}

@article{daySplittingLatticesGenerate1977,
  title = {Splitting Lattices Generate All Lattices},
  author = {Day, Alan},
  year = {1977},
  month = dec,
  journal = {algebra universalis},
  volume = {7},
  number = {1},
  pages = {163--169},
  issn = {1420-8911},
  doi = {10.1007/BF02485425},
  urldate = {2022-05-23},
  langid = {english},
  keywords = {Algebra UNIV,Finite Lattice,Homomorphic Image,Inverse Limit,Subdirect Product},
  file = {/home/sguillou/Zotero/storage/TGDZ89UI/Day - 1977 - Splitting lattices generate all lattices.pdf}
}

@misc{DblpSearchAbstraction,
  title = {Dblp: {{Search}} for "Abstraction from Proof"},
  urldate = {2023-08-28},
  howpublished = {https://dblp.org/search?q=abstraction\%20from\%20proof},
  file = {/home/sguillou/Zotero/storage/MC7ZNSQY/search.html}
}

@inproceedings{degtyarevDecidabilityProblemsPrenex1996,
  title = {Decidability Problems for the Prenex Fragment of Intuitionistic Logic},
  booktitle = {Proceedings 11th {{Annual IEEE Symposium}} on {{Logic}} in {{Computer Science}}},
  author = {Degtyarev, A. and Voronkov, A.},
  year = {1996},
  month = jul,
  pages = {503--512},
  issn = {1043-6871},
  doi = {10.1109/LICS.1996.561467},
  keywords = {Automatic logic units,Calculus,complexity,constraint satisfaction,constraint-based technique,decidability,formal logic,intuitionistic logic,loop-free sequent systems,Polynomials,prenex fragment,PSPACE-completeness,sequent calculi,Skolemization},
  file = {/home/sguillou/Zotero/storage/CN9E8NQP/Degtyarev et Voronkov - 1996 - Decidability problems for the prenex fragment of i.pdf;/home/sguillou/Zotero/storage/XXMVGPYQ/561467.html}
}

@incollection{dejonghPositiveFormulasIntuitionistic2015,
  title = {Positive {{Formulas}} in {{Intuitionistic}} and {{Minimal Logic}}},
  booktitle = {Logic, {{Language}}, and {{Computation}}},
  author = {{de Jongh}, Dick and Zhao, Zhiguang},
  editor = {Aher, Martin and Hole, Daniel and Je{\v r}{\'a}bek, Emil and Kupke, Clemens},
  year = {2015},
  volume = {8984},
  pages = {175--189},
  publisher = {{Springer Berlin Heidelberg}},
  address = {{Berlin, Heidelberg}},
  doi = {10.1007/978-3-662-46906-4_11},
  urldate = {2023-03-20},
  isbn = {978-3-662-46905-7 978-3-662-46906-4},
  langid = {english},
  file = {/home/sguillou/Zotero/storage/FD2HK2CP/de Jongh and Zhao - 2015 - Positive Formulas in Intuitionistic and Minimal Lo.pdf}
}

@inproceedings{demouraGeneralizedEfficientArray2009,
  title = {Generalized, Efficient Array Decision Procedures},
  booktitle = {2009 {{Formal Methods}} in {{Computer-Aided Design}}},
  author = {{de Moura}, Leonardo and Bj{\o}rner, Nikolaj},
  year = {2009},
  month = nov,
  pages = {45--52},
  doi = {10.1109/FMCAD.2009.5351142},
  keywords = {Arithmetic,Automata,basic array theory,combinatory array logic,Constraint theory,decision theory,Delay,efficient array decision procedure,Equations,Filters,formal logic,Formal verification,Hardware,hardware verification,Logic arrays,satisfiability modulo theory,SMT solver Z3,software verification,Surface-mount technology,symbolic analysis,theorem proving},
  file = {/home/sguillou/Zotero/storage/YTHRIRKA/5351142.html}
}

@incollection{demouraLeanTheoremProver2015,
  title = {The {{Lean Theorem Prover}} ({{System Description}})},
  booktitle = {Automated {{Deduction}} - {{CADE-25}}},
  author = {{de Moura}, Leonardo and Kong, Soonho and Avigad, Jeremy and {van Doorn}, Floris and {von Raumer}, Jakob},
  editor = {Felty, Amy P. and Middeldorp, Aart},
  year = {2015},
  volume = {9195},
  pages = {378--388},
  publisher = {{Springer International Publishing}},
  address = {{Cham}},
  doi = {10.1007/978-3-319-21401-6_26},
  urldate = {2022-05-09},
  isbn = {978-3-319-21400-9 978-3-319-21401-6},
  langid = {english},
  file = {/home/sguillou/Zotero/storage/3EIK6M9T/de Moura et al. - 2015 - The Lean Theorem Prover (System Description).pdf}
}

@inproceedings{demouraZ3EfficientSMT2008,
  title = {Z3: {{An Efficient SMT Solver}}},
  shorttitle = {Z3},
  booktitle = {Tools and {{Algorithms}} for the {{Construction}} and {{Analysis}} of {{Systems}}},
  author = {{de Moura}, Leonardo and Bj{\o}rner, Nikolaj},
  editor = {Ramakrishnan, C. R. and Rehof, Jakob},
  year = {2008},
  series = {Lecture {{Notes}} in {{Computer Science}}},
  pages = {337--340},
  publisher = {{Springer}},
  address = {{Berlin, Heidelberg}},
  doi = {10.1007/978-3-540-78800-3_24},
  isbn = {978-3-540-78800-3},
  langid = {english},
  keywords = {Bound Model Check,Linear Arithmetic,Predicate Abstraction,Symbolic Execution,Theory Solver},
  file = {/home/sguillou/Zotero/storage/ZPJPHH5J/de Moura and Bj√∏rner - 2008 - Z3 An Efficient SMT Solver.pdf}
}

@inproceedings{duarteImplementingSuperpositionIProver2020,
  title = {Implementing {{Superposition}} in {{iProver}} ({{System Description}})},
  booktitle = {Automated {{Reasoning}} - 10th {{International Joint Conference}}, {{IJCAR}} 2020, {{Paris}}, {{France}}, {{July}} 1-4, 2020, {{Proceedings}}, {{Part II}}},
  author = {Duarte, Andr{\'e} and Korovin, Konstantin},
  editor = {Peltier, Nicolas and {Sofronie-Stokkermans}, Viorica},
  year = {2020},
  series = {Lecture {{Notes}} in {{Computer Science}}},
  volume = {12167},
  pages = {388--397},
  publisher = {{Springer}},
  address = {{Paris}},
  doi = {10.1007/978-3-030-51054-1_24},
  urldate = {2022-10-11},
  file = {/home/sguillou/Zotero/storage/ZHSFZYF6/Duarte and Korovin - 2020 - Implementing Superposition in iProver (System Desc.pdf}
}

@inproceedings{dudenhefnerSimplerUndecidabilityProof2019,
  title = {A {{Simpler Undecidability Proof}} for {{System F Inhabitation}}},
  booktitle = {{{TYPES}}},
  author = {Dudenhefner, Andrej and Rehof, Jakob},
  year = {2019},
  pages = {11 pages},
  publisher = {{Schloss Dagstuhl - Leibniz-Zentrum fuer Informatik GmbH, Wadern/Saarbruecken, Germany}},
  doi = {10.4230/LIPICS.TYPES.2018.2},
  urldate = {2023-09-01},
  collaborator = {Wagner, Michael},
  copyright = {Creative Commons Attribution 3.0 Unported license (CC-BY 3.0)},
  langid = {english},
  keywords = {{000 Computer science, knowledge, general works},Computer Science}
}

@incollection{eenEffectivePreprocessingSAT2005,
  title = {Effective {{Preprocessing}} in {{SAT Through Variable}} and {{Clause Elimination}}},
  booktitle = {Theory and {{Applications}} of {{Satisfiability Testing}}},
  author = {E{\'e}n, Niklas and Biere, Armin},
  editor = {Hutchison, David and Kanade, Takeo and Kittler, Josef and Kleinberg, Jon M. and Mattern, Friedemann and Mitchell, John C. and Naor, Moni and Nierstrasz, Oscar and Pandu Rangan, C. and Steffen, Bernhard and Sudan, Madhu and Terzopoulos, Demetri and Tygar, Dough and Vardi, Moshe Y. and Weikum, Gerhard and Bacchus, Fahiem and Walsh, Toby},
  year = {2005},
  volume = {3569},
  pages = {61--75},
  publisher = {{Springer Berlin Heidelberg}},
  address = {{Berlin, Heidelberg}},
  doi = {10.1007/11499107_5},
  urldate = {2022-06-22},
  isbn = {978-3-540-26276-3 978-3-540-31679-4},
  langid = {english},
  file = {/home/sguillou/Zotero/storage/CL4RSF65/E√©n and Biere - 2005 - Effective Preprocessing in SAT Through Variable an.pdf}
}

@article{eglyDifferentProofSearchStrategies2003,
  title = {On {{Different Proof-Search Strategies}} for {{Orthologic}}},
  author = {Egly, Uwe and Tompits, Hans},
  year = {2003},
  month = feb,
  journal = {Studia Logica},
  volume = {73},
  number = {1},
  pages = {131--152},
  issn = {1572-8730},
  doi = {10.1023/A:1022993408070},
  urldate = {2023-06-09},
  langid = {english},
  keywords = {Gentzen system,minimal quantum logic,orthologic,polynomial decision procedure,proof complexity,proof theory},
  file = {/home/sguillou/Zotero/storage/ZMBUFBGR/Egly et Tompits - 2003 - On Different Proof-Search Strategies for Orthologi.pdf}
}

@article{eglyNoTitleFound2003,
  title = {[{{No}} Title Found]},
  author = {Egly, Uwe and Tompits, Hans},
  year = {2003},
  journal = {Studia Logica},
  volume = {73},
  number = {1},
  pages = {131--152},
  issn = {00393215},
  doi = {10.1023/A:1022993408070},
  urldate = {2023-06-09}
}

@article{eiterDisjunctiveDatalog1997,
  title = {Disjunctive Datalog},
  author = {Eiter, Thomas and Gottlob, Georg and Mannila, Heikki},
  year = {1997},
  month = sep,
  journal = {ACM Transactions on Database Systems},
  volume = {22},
  number = {3},
  pages = {364--418},
  issn = {0362-5915},
  doi = {10.1145/261124.261126},
  urldate = {2023-06-26},
  file = {/home/sguillou/Zotero/storage/RALY733G/Eiter et al. - 1997 - Disjunctive datalog.pdf}
}

@article{eiterRecognizingRenamableGeneralized1995,
  title = {Recognizing Renamable Generalized Propositional {{Horn}} Formulas Is {{NP-complete}}},
  author = {Eiter, Thomas and Kilpel{\"a}inen, Pekka and Mannila, Heikki},
  year = {1995},
  month = apr,
  journal = {Discrete Applied Mathematics},
  volume = {59},
  number = {1},
  pages = {23--31},
  issn = {0166-218X},
  doi = {10.1016/0166-218X(93)E0152-O},
  urldate = {2023-06-10},
  langid = {english},
  keywords = {Generalized Horn clauses,NP-completeness,Renamable Horn clauses,Satisfiability problem},
  file = {/home/sguillou/Zotero/storage/MLIYLYTS/Eiter et al. - 1995 - Recognizing renamable generalized propositional Ho.pdf;/home/sguillou/Zotero/storage/BDFU6TBZ/0166218X93E0152O.html}
}

@article{EnforcingLanguageSemanticsUsing,
  title = {Enforcing {{Language SemanticsUsing Proof-Carrying Data}}},
  pages = {39},
  langid = {english},
  file = {/home/sguillou/Zotero/storage/2WUHSE39/Enforcing Language SemanticsUsing Proof-Carrying D.pdf}
}

@misc{EPFLCombinationalBenchmark2022,
  title = {The {{EPFL Combinational Benchmark Suite}}},
  year = {2022},
  month = oct,
  urldate = {2022-10-13},
  copyright = {MIT},
  howpublished = {lsils}
}

@inproceedings{even-mendozaLatticebasedSMTProgram2019,
  title = {Lattice-Based {{SMT}} for Program Verification},
  booktitle = {Proceedings of the 17th {{ACM-IEEE International Conference}} on {{Formal Methods}} and {{Models}} for {{System Design}}},
  author = {{Even-Mendoza}, Karine and Hyv{\"a}rinen, Antti E. J. and Chockler, Hana and Sharygina, Natasha},
  year = {2019},
  month = oct,
  series = {{{MEMOCODE}} '19},
  pages = {1--11},
  publisher = {{Association for Computing Machinery}},
  address = {{New York, NY, USA}},
  doi = {10.1145/3359986.3361214},
  urldate = {2021-09-29},
  isbn = {978-1-4503-6997-8},
  file = {/home/sguillou/Zotero/storage/AU6W8CT9/Even-Mendoza et al. - 2019 - Lattice-based SMT for program verification.pdf}
}

@article{falaschiSynchronizationLogicAxiomatics1984,
  title = {A Synchronization Logic: {{Axiomatics}} and Formal Semantics of Generalized Horn Clauses},
  shorttitle = {A Synchronization Logic},
  author = {Falaschi, M. and Levi, G. and Palamidessi, C.},
  year = {1984},
  month = jan,
  journal = {Information and Control},
  volume = {60},
  number = {1},
  pages = {36--69},
  issn = {0019-9958},
  doi = {10.1016/S0019-9958(84)80021-2},
  urldate = {2023-06-08},
  langid = {english},
  file = {/home/sguillou/Zotero/storage/6H7FXD2X/Falaschi et al. - 1984 - A synchronization logic Axiomatics and formal sem.pdf}
}

@article{farmerSevenVirtuesSimple2008,
  title = {The Seven Virtues of Simple Type Theory},
  author = {Farmer, William M.},
  year = {2008},
  month = sep,
  journal = {Journal of Applied Logic},
  volume = {6},
  number = {3},
  pages = {267--286},
  issn = {1570-8683},
  doi = {10.1016/j.jal.2007.11.001},
  urldate = {2020-10-20},
  langid = {english},
  keywords = {Complete ordered field,Higher-order logic,Nonstandard models,Peano arithmetic,Practical logics,Print,Read,Type theory},
  file = {/home/sguillou/Zotero/storage/M8EFWEUK/Farmer - 2008 - The seven virtues of simple type theory.pdf;/home/sguillou/Zotero/storage/QEETNGJV/S157086830700081X.html}
}

@article{FixpointSemanticsLogic2002,
  title = {Fixpoint Semantics for Logic Programming a Survey},
  year = {2002},
  month = may,
  journal = {Theoretical Computer Science},
  volume = {278},
  number = {1-2},
  pages = {25--51},
  issn = {0304-3975},
  doi = {10.1016/S0304-3975(00)00330-3},
  urldate = {2023-06-26},
  file = {/home/sguillou/Zotero/storage/JPCL65E8/2002 - Fixpoint semantics for logic programming a survey.pdf}
}

@article{freeseFinitelyPresentedLattices1979,
  title = {Finitely {{Presented Lattices}}},
  author = {Freese, Ralph and Nation, J. B.},
  year = {1979},
  journal = {Proceedings of the American Mathematical Society},
  volume = {77},
  number = {2},
  eprint = {2042634},
  eprinttype = {jstor},
  pages = {174--178},
  publisher = {{American Mathematical Society}},
  issn = {0002-9939},
  doi = {10.2307/2042634},
  urldate = {2022-08-29},
  file = {/home/sguillou/Zotero/storage/EWWR7ULW/Freese and Nation - 1979 - Finitely Presented Lattices.pdf}
}

@article{freeseFINITELYPRESENTEDLATTICES1989,
  title = {{{FINITELY PRESENTED LATTICES}}: {{CANONICALFORMS AND THE COVERINGRELATION}}},
  author = {Freese, Ralph},
  year = {1989},
  month = apr,
  langid = {english},
  file = {/home/sguillou/Zotero/storage/S2WULM66/Freese - FINITELY PRESENTED LATTICES CANONICALFORMS AND TH.pdf}
}

@book{freeseFreeLattices1995,
  title = {Free {{Lattices}}},
  author = {Freese, Ralph and Jezek, Jaroslav and Nation, J.},
  year = {1995},
  month = mar,
  series = {Mathematical {{Surveys}} and {{Monographs}}},
  volume = {42},
  publisher = {{American Mathematical Society}},
  address = {{Providence, Rhode Island}},
  doi = {10.1090/surv/042},
  urldate = {2022-04-29},
  isbn = {978-0-8218-0389-9 978-1-4704-1273-9},
  langid = {english},
  file = {/home/sguillou/Zotero/storage/VACVUUBX/Freese et al. - 1995 - Free Lattices.pdf}
}

@article{furerQuotientsBoundedNatural2022,
  title = {Quotients of {{Bounded Natural Functors}}},
  author = {F{\"u}rer, Basil and Lochbihler, Andreas and Schneider, Joshua and Traytel, Dmitriy},
  year = {2022},
  month = feb,
  journal = {Logical Methods in Computer Science},
  volume = {Volume 18, Issue 1},
  eprint = {2104.05348},
  pages = {7354},
  issn = {1860-5974},
  doi = {10.46298/lmcs-18(1:23)2022},
  urldate = {2022-03-20},
  archiveprefix = {arxiv},
  keywords = {Computer Science - Logic in Computer Science,Computer Science - Programming Languages},
  file = {/home/sguillou/Zotero/storage/LFSZIGZF/F√ºrer et al. - 2022 - Quotients of Bounded Natural Functors.pdf;/home/sguillou/Zotero/storage/NKZGJAE9/2104.html}
}

@book{galmicheAutomatedReasoningAnalytic2013,
  title = {Automated {{Reasoning}} with {{Analytic Tableaux}} and {{Related Methods}}: 22nd {{International Conference}}, {{TABLEAUX}} 2013, {{Nancy}}, {{France}}, {{September}} 16-19, 2013, {{Proceedings}}},
  shorttitle = {Automated {{Reasoning}} with {{Analytic Tableaux}} and {{Related Methods}}},
  editor = {Galmiche, Didier and {Larchey-Wendling}, Dominique},
  year = {2013},
  series = {Lecture {{Notes}} in {{Artificial Intelligence}}},
  edition = {1st ed. 2013},
  number = {8123},
  publisher = {{Springer Berlin Heidelberg : Imprint: Springer}},
  address = {{Berlin, Heidelberg}},
  doi = {10.1007/978-3-642-40537-2},
  isbn = {978-3-642-40537-2},
  langid = {english},
  lccn = {006.3},
  keywords = {Artificial intelligence,Artificial Intelligence,Computer logic,Computer programming,Computer science,Discrete Mathematics in Computer Science,Logics and Meanings of Programs,Mathematical logic,Mathematical Logic and Formal Languages,Mathematics,Programming Techniques,Software engineering,Software Engineering},
  file = {/home/sguillou/Zotero/storage/RPJAERJF/Galmiche et Larchey-Wendling - 2013 - Automated Reasoning with Analytic Tableaux and Rel.pdf}
}

@incollection{ganzingerDPLLFastDecision2004,
  title = {{{DPLL}}({{T}}): {{Fast Decision Procedures}}},
  shorttitle = {{{DPLL}}({{T}})},
  booktitle = {Computer {{Aided Verification}}},
  author = {Ganzinger, Harald and Hagen, George and Nieuwenhuis, Robert and Oliveras, Albert and Tinelli, Cesare},
  editor = {Kanade, Takeo and Kittler, Josef and Kleinberg, Jon M. and Mattern, Friedemann and Mitchell, John C. and Naor, Moni and Nierstrasz, Oscar and Pandu Rangan, C. and Steffen, Bernhard and Sudan, Madhu and Terzopoulos, Demetri and Tygar, Dough and Vardi, Moshe Y. and Weikum, Gerhard and Alur, Rajeev and Peled, Doron A.},
  year = {2004},
  volume = {3114},
  pages = {175--188},
  publisher = {{Springer Berlin Heidelberg}},
  address = {{Berlin, Heidelberg}},
  doi = {10.1007/978-3-540-27813-9_14},
  urldate = {2021-10-01},
  isbn = {978-3-540-22342-9 978-3-540-27813-9},
  langid = {english},
  file = {/home/sguillou/Zotero/storage/WFMXAJ32/Ganzinger et al. - 2004 - DPLL(T) Fast Decision Procedures.pdf}
}

@inproceedings{ganzingerRelatingSemanticProoftheoretic2001,
  title = {Relating Semantic and Proof-Theoretic Concepts for Polynomial Time Decidability of Uniform Word Problems},
  booktitle = {Proceedings 16th {{Annual IEEE Symposium}} on {{Logic}} in {{Computer Science}}},
  author = {Ganzinger, H.},
  year = {2001},
  month = jun,
  pages = {81--90},
  issn = {1043-6871},
  doi = {10.1109/LICS.2001.932485},
  keywords = {Algebra,Counting circuits,Dynamic programming,Encoding,Equations,Geometry,Lattices,Polynomials,Print},
  file = {/home/sguillou/Zotero/storage/GSS58EJB/Ganzinger - 2001 - Relating semantic and proof-theoretic concepts for.pdf;/home/sguillou/Zotero/storage/QPFMI745/932485.html}
}

@article{gelfondClassicalNegationLogic1991,
  title = {Classical Negation in Logic Programs and Disjunctive Databases},
  author = {Gelfond, Michael and Lifschitz, Vladimir},
  year = {1991},
  month = aug,
  journal = {New Generation Computing},
  volume = {9},
  number = {3},
  pages = {365--385},
  issn = {1882-7055},
  doi = {10.1007/BF03037169},
  urldate = {2023-06-26},
  langid = {english},
  keywords = {Disjunctive Databases,Incomplete Information,Logic Programming,Negation as Failure,Nonmonotonic Reasoning,Stable Models},
  file = {/home/sguillou/Zotero/storage/FX9KQ65C/Gelfond and Lifschitz - 1991 - Classical negation in logic programs and disjuncti.pdf}
}

@inproceedings{gelfondStableModelSemantics1988,
  title = {The {{Stable Model Semantics}} for {{Logic Programming}}},
  booktitle = {{{ICLP}}/{{SLP}}},
  author = {Gelfond, M. and Lifschitz, V.},
  year = {1988},
  urldate = {2023-06-26},
  file = {/home/sguillou/Zotero/storage/67AXEBQW/Gelfond and Lifschitz - 1988 - The Stable Model Semantics for Logic Programming.pdf}
}

@article{gentzenUntersuchungenUberLogische1935,
  title = {{Untersuchungen \"uber das logische Schlie\ss en I}},
  author = {Gentzen, G.},
  year = {1935},
  journal = {Mathematische Zeitschrift},
  volume = {39},
  pages = {176--210},
  issn = {0025-5874; 1432-1823},
  urldate = {2023-02-16},
  langid = {und},
  file = {/home/sguillou/Zotero/storage/ABN8GQFX/168546.html}
}

@incollection{geuversConsistencyExtensionsHigher2007,
  title = {({{In}})Consistency of {{Extensions}} of {{Higher Order Logic}} and {{Type Theory}}},
  booktitle = {Types for {{Proofs}} and {{Programs}}},
  author = {Geuvers, Herman},
  editor = {Altenkirch, Thorsten and McBride, Conor},
  year = {2007},
  volume = {4502},
  pages = {140--159},
  publisher = {{Springer Berlin Heidelberg}},
  address = {{Berlin, Heidelberg}},
  issn = {0302-9743, 1611-3349},
  doi = {10.1007/978-3-540-74464-1_10},
  urldate = {2020-11-02},
  isbn = {978-3-540-74463-4 978-3-540-74464-1},
  langid = {english},
  keywords = {Print,Read},
  file = {/home/sguillou/Zotero/storage/4M9AGALP/Geuvers - 2007 - (In)consistency of Extensions of Higher Order Logi.pdf}
}

@book{geuversLogicsTypeSystems1993,
  title = {Logics and Type Systems},
  author = {Geuvers, Jan H.},
  year = {1993},
  address = {{Nijmegen}},
  isbn = {978-90-90-06352-2},
  langid = {english},
  keywords = {Read},
  file = {/home/sguillou/Zotero/storage/NQFWVT3X/Geuvers - 1993 - Logics and type systems.pdf}
}

@article{geuversProofAssistantsHistory2009,
  title = {Proof Assistants: {{History}}, Ideas and Future},
  shorttitle = {Proof Assistants},
  author = {Geuvers, H.},
  year = {2009},
  month = feb,
  journal = {Sadhana},
  volume = {34},
  number = {1},
  pages = {3--25},
  issn = {0256-2499, 0973-7677},
  doi = {10.1007/s12046-009-0001-5},
  urldate = {2022-06-20},
  langid = {english},
  file = {/home/sguillou/Zotero/storage/H34YPKND/Geuvers - 2009 - Proof assistants History, ideas and future.pdf}
}

@article{geuversPureTypeSystems2010,
  title = {Pure {{Type Systems}} without {{Explicit Contexts}}},
  author = {Geuvers, Herman and Krebbers, Robbert and McKinna, James and Wiedijk, Freek},
  year = {2010},
  month = sep,
  journal = {Electronic Proceedings in Theoretical Computer Science},
  volume = {34},
  pages = {53--67},
  issn = {2075-2180},
  doi = {10.4204/EPTCS.34.6},
  urldate = {2020-10-20},
  langid = {english},
  keywords = {Print,Read},
  file = {/home/sguillou/Zotero/storage/WPGY7WTC/Geuvers et al. - 2010 - Pure Type Systems without Explicit Contexts.pdf}
}

@article{ghilardiHigherOrderQuantifierElimination2020,
  title = {Higher-{{Order Quantifier Elimination}}, {{Counter Simulations}} and {{Fault-Tolerant Systems}}},
  author = {Ghilardi, Silvio and Pagani, Elena},
  year = {2020},
  month = aug,
  journal = {Journal of Automated Reasoning},
  issn = {0168-7433, 1573-0670},
  doi = {10.1007/s10817-020-09578-5},
  urldate = {2020-09-17},
  langid = {english},
  file = {/home/sguillou/Zotero/storage/BD5HDFW2/Ghilardi and Pagani - 2020 - Higher-Order Quantifier Elimination, Counter Simul.pdf}
}

@book{girardProofsTypes1989,
  title = {Proofs and Types},
  author = {Girard, Jean-Yves and Taylor, Paul and Lafont, Yves},
  year = {1989},
  month = mar,
  publisher = {{Cambridge University Press}},
  address = {{USA}},
  isbn = {978-0-521-37181-0},
  file = {/home/sguillou/Zotero/storage/PU5UTCQT/Girard - 1989 - Proofs and types.pdf}
}

@article{givanPolynomialtimeComputationLocal2002,
  title = {Polynomial-Time Computation via Local Inference Relations},
  author = {Givan, Robert and Mcallester, David},
  year = {2002},
  month = oct,
  journal = {ACM Transactions on Computational Logic},
  volume = {3},
  number = {4},
  pages = {521--541},
  issn = {1529-3785},
  doi = {10.1145/566385.566387},
  urldate = {2023-03-30},
  keywords = {Automated reasoning,decision procedures,descriptive complexity theory},
  file = {/home/sguillou/Zotero/storage/HZLETMVF/Givan and Mcallester - 2002 - Polynomial-time computation via local inference re.pdf}
}

@incollection{goelBDDBasedProcedures1998,
  title = {{{BDD}} Based Procedures for a Theory of Equality with Uninterpreted Functions},
  booktitle = {Computer {{Aided Verification}}},
  author = {Goel, Anuj and Sajid, Khurrarn and Zhou, Hai and Aziz, Adnan and Singhal, Vigyan},
  editor = {Goos, Gerhard and Hartmanis, Juris and {van Leeuwen}, Jan and Hu, Alan J. and Vardi, Moshe Y.},
  year = {1998},
  volume = {1427},
  pages = {244--255},
  publisher = {{Springer Berlin Heidelberg}},
  address = {{Berlin, Heidelberg}},
  doi = {10.1007/BFb0028749},
  urldate = {2023-04-04},
  isbn = {978-3-540-64608-2 978-3-540-69339-0},
  langid = {english},
  file = {/home/sguillou/Zotero/storage/YJX5FT2Q/Goel et al. - 1998 - BDD based procedures for a theory of equality with.pdf}
}

@article{goldblattSemanticAnalysisOrthologic1974,
  title = {Semantic Analysis of Orthologic},
  author = {Goldblatt, R. I.},
  year = {1974},
  month = mar,
  journal = {Journal of Philosophical Logic},
  volume = {3},
  number = {1},
  pages = {19--35},
  issn = {1573-0433},
  doi = {10.1007/BF00652069},
  urldate = {2023-03-30},
  langid = {english},
  file = {/home/sguillou/Zotero/storage/6HWCBMQS/Goldblatt - 1974 - Semantic analysis of orthologic.pdf}
}

@article{gonthierFormalProofFour2008,
  title = {Formal {{Proof}}\textemdash{{The Four- Color Theorem}}},
  author = {Gonthier, Georges},
  year = {2008},
  volume = {55},
  number = {11},
  pages = {12},
  langid = {english},
  file = {/home/sguillou/Zotero/storage/NR3MR9DW/Gonthier - 2008 - Formal Proof‚ÄîThe Four- Color Theorem.pdf}
}

@article{gonthierFormalProofFour2008a,
  title = {Formal {{Proof}}\textemdash{{The Four- Color Theorem}}},
  author = {Gonthier, Georges},
  year = {2008},
  volume = {55},
  number = {11},
  pages = {12},
  langid = {english},
  file = {/home/sguillou/Zotero/storage/VUB8CT7T/Gonthier - 2008 - Formal Proof‚ÄîThe Four- Color Theorem.pdf}
}

@book{gordonEdinburghLCF1979,
  title = {Edinburgh {{LCF}}},
  author = {Gordon, Michael J. and Milner, Arthur J. and Wadsworth, Christopher P.},
  editor = {Goos, G. and Hartmanis, J. and Brauer, W. and Brinch Hansen, P. and Gries, D. and Moler, C. and Seegm{\"u}ller, G. and Stoer, J. and Wirth, N.},
  year = {1979},
  series = {Lecture {{Notes}} in {{Computer Science}}},
  volume = {78},
  publisher = {{Springer}},
  address = {{Berlin, Heidelberg}},
  doi = {10.1007/3-540-09724-4},
  urldate = {2023-02-16},
  isbn = {978-3-540-09724-2 978-3-540-38526-4},
  keywords = {computation,logic},
  file = {/home/sguillou/Zotero/storage/GSDE8UFJ/Gordon et al. - 1979 - Edinburgh LCF.pdf}
}

@incollection{gordonSetTheoryHigher1996,
  title = {Set Theory, Higher Order Logic or Both?},
  booktitle = {Theorem {{Proving}} in {{Higher Order Logics}}},
  author = {Gordon, Mike},
  editor = {Brauer, W. and Gries, D. and Stoer, J. and Goos, Gerhard and Hartmanis, Juris and {van Leeuwen}, Jan and {von Wright}, Joakim and Grundy, Jim and Harrison, John},
  year = {1996},
  volume = {1125},
  pages = {191--201},
  publisher = {{Springer Berlin Heidelberg}},
  address = {{Berlin, Heidelberg}},
  doi = {10.1007/BFb0105405},
  urldate = {2020-12-04},
  isbn = {978-3-540-61587-3 978-3-540-70641-0},
  langid = {english},
  file = {/home/sguillou/Zotero/storage/CU4NYIV8/Gordon - 1996 - Set theory, higher order logic or both.pdf}
}

@article{gradelDominoesComplexitySubclasses1989,
  title = {Dominoes and the Complexity of Subclasses of Logical Theories},
  author = {Gr{\"a}del, Erich},
  year = {1989},
  month = jun,
  journal = {Annals of Pure and Applied Logic},
  volume = {43},
  number = {1},
  pages = {1--30},
  issn = {0168-0072},
  doi = {10.1016/0168-0072(89)90023-7},
  urldate = {2021-07-09},
  langid = {english},
  file = {/home/sguillou/Zotero/storage/C2PCLUYF/Gr√§del - 1989 - Dominoes and the complexity of subclasses of logic.pdf;/home/sguillou/Zotero/storage/MK6ST48Q/0168007289900237.html}
}

@article{guillenMATHEMATICSMAY2018,
  title = {{{MATHEMATICS MAY}} 2018},
  author = {Guillen, Alejandro Manuel and Freese, Ralph and Nation, J B and Ross, David and {Kjos-Hanssen}, Bj{\o}rn and Crosby, Martha},
  pages = {41},
  langid = {english},
  file = {/home/sguillou/Zotero/storage/KIRWAMEK/Guillen et al. - MATHEMATICS MAY 2018.pdf}
}

@inproceedings{guilloudEquivalenceCheckingOrthocomplemented2022,
  title = {Equivalence {{Checking}} for {{Orthocomplemented Bisemilattices}} in {{Log-Linear Time}}},
  booktitle = {Tools and {{Algorithms}} for the {{Construction}} and {{Analysis}} of {{Systems}}},
  author = {Guilloud, Simon and Kun{\v c}ak, Viktor},
  editor = {Fisman, Dana and Rosu, Grigore},
  year = {2022},
  series = {Lecture {{Notes}} in {{Computer Science}}},
  pages = {196--214},
  publisher = {{Springer International Publishing}},
  address = {{Cham}},
  doi = {10.1007/978-3-030-99527-0_11},
  copyright = {All rights reserved},
  isbn = {978-3-030-99527-0},
  langid = {english},
  file = {/home/sguillou/Zotero/storage/7GLKMGFQ/Guilloud and Kunƒçak - 2022 - Equivalence Checking for Orthocomplemented Bisemil.pdf}
}

@inproceedings{guilloudFormulaNormalizationsVerification2023,
  title = {Formula {{Normalizations}} in {{Verification}}},
  booktitle = {35th {{International Conference}} on {{Computer Aided Verification}}},
  author = {Guilloud, Simon and Bucev, Mario and Milovancevic, Dragana and Kuncak, Viktor},
  year = {2023},
  series = {Lecture {{Notes}} in {{Computer Science}}},
  pages = {-},
  publisher = {{Springer}},
  address = {{Paris}},
  copyright = {All rights reserved}
}

@article{guilloudLISAFoundationalTheorem,
  title = {{{LISA}}: {{Towards}} a {{Foundational Theorem Prover}}},
  author = {Guilloud, Simon and Cassayre, Florian and Kun{\v c}ak, Viktor},
  copyright = {All rights reserved},
  langid = {english},
  file = {/home/sguillou/Zotero/storage/E8NT4Q6C/Guilloud et al. - LISA Towards a Foundational Theorem Prover.pdf}
}

@inproceedings{guilloudLISAModernProof2023,
  title = {{{LISA}} \textendash{} {{A Modern Proof System}}},
  booktitle = {14th {{Conference}} on {{Interactive Theorem Proving}}},
  author = {Guilloud, Simon and Gambhir, Sankalp and Kuncak, Viktor},
  year = {2023},
  series = {Leibniz {{International Proceedings}} in {{Informatics}}},
  pages = {0},
  publisher = {{Daghstuhl}},
  address = {{Bialystok}},
  copyright = {All rights reserved},
  keywords = {First Order Logic,Interactive Theorem Proving,Proof System}
}

@misc{guilloudLISAReferenceManual2023,
  title = {{{LISA Reference Manual}}},
  author = {Guilloud, Simon},
  year = {2023},
  month = feb,
  urldate = {2023-02-16},
  copyright = {Apache-2.0},
  howpublished = {EPFL-LARA}
}

@misc{guilloudOrthologicAxioms2023,
  title = {Orthologic with {{Axioms}}},
  author = {Guilloud, Simon and Kuncak, Viktor},
  year = {2023},
  month = jul,
  number = {arXiv:2307.07569},
  eprint = {2307.07569},
  primaryclass = {cs, math},
  publisher = {{arXiv}},
  doi = {10.48550/arXiv.2307.07569},
  urldate = {2023-08-24},
  archiveprefix = {arxiv},
  copyright = {All rights reserved},
  keywords = {Computer Science - Logic in Computer Science,Mathematics - Logic},
  file = {/home/sguillou/Zotero/storage/SMNMGSB4/Guilloud and Kuncak - 2023 - Orthologic with Axioms.pdf;/home/sguillou/Zotero/storage/49N6BSQG/2307.html}
}

@article{gveroCompleteCompletionUsing,
  title = {Complete {{Completion}} Using {{Types}} and {{Weights}}},
  author = {Gvero, Tihomir and Kuncak, Viktor and Kuraj, Ivan and Piskac, Ruzica},
  pages = {12},
  langid = {english},
  keywords = {Print,Read},
  file = {/home/sguillou/Zotero/storage/KH6S4JBF/Gvero et al. - Complete Completion using Types and Weights.pdf}
}

@inproceedings{haasePresburgerArithmeticStars2019,
  title = {Presburger Arithmetic with Stars, Rational Subsets of Graph Groups, and Nested Zero Tests},
  booktitle = {2019 34th {{Annual ACM}}/{{IEEE Symposium}} on {{Logic}} in {{Computer Science}} ({{LICS}})},
  author = {Haase, C. and Zetzsche, G.},
  year = {2019},
  month = jun,
  pages = {1--14},
  doi = {10.1109/LICS.2019.8785850},
  keywords = {Automata,automata theory,computational complexity,Computational complexity,Computational modeling,Computer science,decidability,decidable rational subset membership problem,decision problems,finite undirected graph,fixed graph group,Grammar,graph parameter,group theory,integer vector addition systems,Kleene-star operator,NP-completeness,polynomials,Pres-burger arithmetic,rational subsets,reachability analysis,reachability problem,satisfiability problem,set theory,Tools,zero tests,zero-tests},
  file = {/home/sguillou/Zotero/storage/2ET9TMU2/Haase and Zetzsche - 2019 - Presburger arithmetic with stars, rational subsets.pdf}
}

@phdthesis{haddadIntegratingAutomatedTheorem2021,
  title = {Integrating {{Automated Theorem Provers}} in {{Proof Assistants}}},
  author = {Haddad, Yacine El},
  year = {2021},
  month = sep,
  urldate = {2023-03-16},
  langid = {english},
  school = {Universit\'e Paris-Saclay},
  file = {/home/sguillou/Zotero/storage/CLPL2CBQ/Haddad - 2021 - Integrating Automated Theorem Provers in Proof Ass.pdf}
}

@article{halesFORMALPROOFKEPLER2017,
  title = {A {{FORMAL PROOF OF THE KEPLER CONJECTURE}}},
  author = {Hales, Thomas and Adams, Mark and Bauer, Gertrud and Dang, Tat Dat and Harrison, John and Hoang, Le Truong and Kaliszyk, Cezary and Magron, Victor and Mclaughlin, Sean and Nguyen, Tat~Thang and Nguyen, Quang Truong and Nipkow, Tobias and Obua, Steven and Pleso, Joseph and Rute, Jason and Solovyev, Alexey and Ta, Thi Hoai An and Tran, Nam Trung and Trieu, Thi Diep and Urban, Josef and Vu, Ky and Zumkeller, Roland},
  year = {2017},
  journal = {Forum of Mathematics, Pi},
  volume = {5},
  pages = {e2},
  issn = {2050-5086},
  doi = {10.1017/fmp.2017.1},
  urldate = {2022-06-20},
  langid = {english},
  file = {/home/sguillou/Zotero/storage/F5AMQT5Q/Hales et al. - 2017 - A FORMAL PROOF OF THE KEPLER CONJECTURE.pdf}
}

@misc{HandbookProofTheory,
  title = {Handbook of {{Proof Theory}}, {{Volume}} 137 - 1st {{Edition}}},
  urldate = {2023-03-25},
  howpublished = {https://www.elsevier.com/books/handbook-of-proof-theory/buss/978-0-444-89840-1},
  file = {/home/sguillou/Zotero/storage/9ED3YNBG/978-0-444-89840-1.html}
}

@article{hardegreeMaterialImplicationOrthomodular1981,
  title = {Material Implication in Orthomodular (and {{Boolean}}) Lattices.},
  author = {Hardegree, Gary M.},
  year = {1981},
  month = apr,
  journal = {Notre Dame Journal of Formal Logic},
  volume = {22},
  number = {2},
  pages = {163--182},
  issn = {0029-4527},
  doi = {10.1305/ndjfl/1093883401},
  urldate = {2021-09-21},
  langid = {english},
  file = {/home/sguillou/Zotero/storage/M66K7KR5/Hardegree - 1981 - Material implication in orthomodular (and Boolean).pdf}
}

@article{harrisonHOLLightManual,
  title = {The {{HOL Light}} Manual (1.1)},
  author = {Harrison, John},
  pages = {116},
  langid = {english},
  keywords = {Read},
  file = {/home/sguillou/Zotero/storage/LQG76PNZ/Harrison - The HOL Light manual (1.1).pdf}
}

@incollection{harrisonHOLLightOverview2009,
  title = {{{HOL Light}}: {{An Overview}}},
  shorttitle = {{{HOL Light}}},
  booktitle = {Theorem {{Proving}} in {{Higher Order Logics}}},
  author = {Harrison, John},
  editor = {Berghofer, Stefan and Nipkow, Tobias and Urban, Christian and Wenzel, Makarius},
  year = {2009},
  volume = {5674},
  pages = {60--66},
  publisher = {{Springer Berlin Heidelberg}},
  address = {{Berlin, Heidelberg}},
  doi = {10.1007/978-3-642-03359-9_4},
  urldate = {2020-10-28},
  isbn = {978-3-642-03358-2 978-3-642-03359-9},
  langid = {english},
  file = {/home/sguillou/Zotero/storage/57CTTIRK/Harrison - 2009 - HOL Light An Overview.pdf}
}

@article{harrisonHOLLightPrimitive,
  title = {The {{HOL Light Primitive Inference Rules}} Imply the {{Boolean Truth Tables}}},
  author = {Harrison, John and Richter, Bill},
  pages = {17},
  langid = {english},
  keywords = {Read},
  file = {/home/sguillou/Zotero/storage/3NI7F2II/Harrison and Richter - THE HOL LIGHT PRIMITIVE INFERENCE RULES IMPLY THE .pdf}
}

@article{harrisonHOLLightTutorial,
  title = {{{HOL Light Tutorial}} (for Version 2.20)},
  author = {Harrison, John and Jf, Intel},
  pages = {230},
  langid = {english},
  keywords = {Read},
  file = {/home/sguillou/Zotero/storage/L76S6WQ2/Harrison and Jf - HOL Light Tutorial (for version 2.20).pdf}
}

@inproceedings{harrisonLetMakeSet,
  title = {Let's Make Set Theory Great Again!},
  booktitle = {Axiomatic Set Theory},
  author = {Harrison, John},
  pages = {46},
  address = {{Aussois}},
  langid = {english},
  keywords = {Read},
  file = {/home/sguillou/Zotero/storage/JQW46D6M/Services - Let's make set theory great again!.pdf}
}

@inproceedings{harrisonSelfverificationHOLLight2006,
  title = {Towards {{Self-verification}} of {{HOL Light}}},
  booktitle = {Automated {{Reasoning}}},
  author = {Harrison, John},
  editor = {Furbach, Ulrich and Shankar, Natarajan},
  year = {2006},
  series = {Lecture {{Notes}} in {{Computer Science}}},
  pages = {177--191},
  publisher = {{Springer}},
  address = {{Berlin, Heidelberg}},
  doi = {10.1007/11814771_17},
  isbn = {978-3-540-37188-5},
  langid = {english},
  keywords = {Boolean Type,Concrete Syntax,Mathematical Axiom,Polymorphic Type,Proof Checker},
  file = {/home/sguillou/Zotero/storage/RYMTFJTF/Harrison - 2006 - Towards Self-verification of HOL Light.pdf}
}

@inproceedings{henzingerAbstractionsProofs2004,
  title = {Abstractions from Proofs},
  booktitle = {Proceedings of the 31st {{ACM SIGPLAN-SIGACT Symposium}} on {{Principles}} of {{Programming Languages}}, {{POPL}} 2004, {{Venice}}, {{Italy}}, {{January}} 14-16, 2004},
  author = {Henzinger, Thomas A. and Jhala, Ranjit and Majumdar, Rupak and McMillan, Kenneth L.},
  editor = {Jones, Neil D. and Leroy, Xavier},
  year = {2004},
  pages = {232--244},
  publisher = {{ACM}},
  doi = {10.1145/964001.964021}
}

@article{herrmannVarietiesModularOrtholattices,
  title = {On Varieties of Modular Ortholattices Which Are Generated by Their Finite-Dimensional Members},
  author = {Herrmann, Christian and Roddy, Micheale S},
  pages = {9},
  langid = {english},
  file = {/home/sguillou/Zotero/storage/LR4JDFRY/Herrmann and Roddy - On varieties of modular ortholattices which are ge.pdf}
}

@misc{HierarchiesPolynomiallySolvable,
  title = {Hierarchies of Polynomially Solvable Satisfiability Problems | {{SpringerLink}}},
  urldate = {2023-06-10},
  howpublished = {https://link.springer.com/article/10.1007/BF02127974},
  file = {/home/sguillou/Zotero/storage/C5UQ9T3U/BF02127974.html}
}

@article{hietalaVerifiedOptimizerQuantum2021,
  title = {A Verified Optimizer for {{Quantum}} Circuits},
  author = {Hietala, Kesha and Rand, Robert and Hung, Shih-Han and Wu, Xiaodi and Hicks, Michael},
  year = {2021},
  month = jan,
  journal = {Proceedings of the ACM on Programming Languages},
  volume = {5},
  number = {POPL},
  pages = {37:1--37:29},
  doi = {10.1145/3434318},
  urldate = {2023-06-23},
  keywords = {Certified Compilation,Circuit Optimization,Formal Verification,Programming Languages,Quantum Computing},
  file = {/home/sguillou/Zotero/storage/FY8BLQTF/Hietala et al. - 2021 - A verified optimizer for Quantum circuits.pdf}
}

@inproceedings{hoderInterpolationSymbolElimination2010,
  title = {Interpolation and {{Symbol Elimination}} in {{Vampire}}},
  booktitle = {Automated {{Reasoning}}, 5th {{International Joint Conference}}, {{IJCAR}} 2010, {{Edinburgh}}, {{UK}}, {{July}} 16-19, 2010. {{Proceedings}}},
  author = {Hoder, Krystof and Kov{\'a}cs, Laura and Voronkov, Andrei},
  editor = {Giesl, J{\"u}rgen and H{\"a}hnle, Reiner},
  year = {2010},
  series = {Lecture {{Notes}} in {{Computer Science}}},
  volume = {6173},
  pages = {188--195},
  publisher = {{Springer}},
  doi = {10.1007/978-3-642-14203-1_16},
  urldate = {2023-09-05}
}

@article{hojjatELDARICAHornSolver2018,
  title = {The {{ELDARICA Horn Solver}}},
  author = {Hojjat, Hossein and Rummer, Philipp},
  year = {2018},
  month = oct,
  journal = {2018 Formal Methods in Computer Aided Design (FMCAD)},
  pages = {1--7},
  publisher = {{IEEE}},
  address = {{Austin, TX}},
  doi = {10.23919/FMCAD.2018.8603013},
  urldate = {2023-09-05},
  isbn = {9780983567882},
  file = {/home/sguillou/Zotero/storage/FCDP8MUE/Hojjat and Rummer - 2018 - The ELDARICA Horn Solver.pdf}
}

@article{hollidayFundamentalNonClassicalLogic2023,
  title = {A {{Fundamental Non-Classical Logic}}},
  author = {Holliday, Wesley H.},
  year = {2023},
  month = mar,
  journal = {Logics},
  volume = {1},
  number = {1},
  pages = {36--79},
  issn = {2813-0405},
  doi = {10.3390/logics1010004},
  urldate = {2023-06-04},
  langid = {english},
  file = {/home/sguillou/Zotero/storage/CARUH8WL/Holliday - 2023 - A Fundamental Non-Classical Logic.pdf}
}

@misc{hollidayOrthologicEpistemicModals2022,
  title = {The {{Orthologic}} of {{Epistemic Modals}}},
  author = {Holliday, Wesley H. and Mandelkern, Matthew},
  year = {2022},
  publisher = {{arXiv}},
  doi = {10.48550/ARXIV.2203.02872},
  urldate = {2023-06-04},
  copyright = {arXiv.org perpetual, non-exclusive license},
  keywords = {{03B65, 03B45, 03B60, 03G10},F.4.m,FOS: Computer and information sciences,Logic in Computer Science (cs.LO)},
  file = {/home/sguillou/Zotero/storage/RXLKNHLV/Holliday et Mandelkern - 2022 - The Orthologic of Epistemic Modals.pdf}
}

@misc{HOLOmegaLogicTheorem,
  title = {The {{HOL-Omega Logic}} and {{Theorem Prover}}},
  urldate = {2020-10-01},
  howpublished = {http://www.trustworthytools.com/id17.html}
}

@incollection{homeierHOLOmegaLogic2009,
  title = {The {{HOL-Omega Logic}}},
  booktitle = {Theorem {{Proving}} in {{Higher Order Logics}}},
  author = {Homeier, Peter V.},
  editor = {Berghofer, Stefan and Nipkow, Tobias and Urban, Christian and Wenzel, Makarius},
  year = {2009},
  volume = {5674},
  pages = {244--259},
  publisher = {{Springer Berlin Heidelberg}},
  address = {{Berlin, Heidelberg}},
  doi = {10.1007/978-3-642-03359-9_18},
  urldate = {2020-10-02},
  isbn = {978-3-642-03358-2 978-3-642-03359-9},
  langid = {english},
  file = {/home/sguillou/Zotero/storage/NCLEV22Q/Homeier - 2009 - The HOL-Omega Logic.pdf}
}

@article{hopcroftDesignAnalysisComputer,
  title = {The {{Design And Analysis Of Computer Algorithms}}},
  author = {Hopcroft, John and UIIman, Jeffrey and Aho, Alfred},
  pages = {479},
  langid = {english},
  file = {/home/sguillou/Zotero/storage/K2G4BBLM/Hopcroft et UIIman - Alfred V. Aho Bell Laboratories.pdf}
}

@article{huCongruenceClosureACI,
  title = {Congruence Closure with {{ACI}} Function Symbols},
  author = {Hu, Tanji and Givan, Robert},
  pages = {15},
  langid = {english},
  file = {/home/sguillou/Zotero/storage/KJ9TC2K9/Hu et Givan - Congruence closure with ACI function symbols.pdf}
}

@article{huntComputationalComplexityAlgebra1987,
  title = {On the {{Computational Complexity}} of {{Algebra}} on {{Lattices}}},
  author = {Hunt, H. B., Iii and Rosenkrantz, D. J. and Bloniarz, P. A.},
  year = {1987},
  month = feb,
  journal = {SIAM Journal on Computing},
  volume = {16},
  number = {1},
  pages = {129--148},
  publisher = {{Society for Industrial and Applied Mathematics}},
  issn = {0097-5397},
  doi = {10.1137/0216011},
  urldate = {2021-09-27},
  keywords = {03G10,06B,06B25,06D,68Q25,68Q40,computational complexity,deterministic polynomial time,distributive lattice,finite lattice,formula equivalence,formula minimization,free lattice,lattice,NP-hardness}
}

@article{hyckoImplicationsEquivalencesOrthomodular2005,
  title = {Implications and Equivalences in Orthomodular Lattices},
  author = {Hy{\v c}ko, Marek},
  year = {2005},
  month = oct,
  journal = {Demonstratio Mathematica [electronic only]},
  volume = {38},
  pages = {III--792},
  doi = {10.1515/dema-2005-0402},
  file = {/home/sguillou/Zotero/storage/847HSZ9C/Hyƒçko - 2005 - Implications and equivalences in orthomodular latt.pdf}
}

@article{ibarakiFunctionalDependenciesQHorn2001,
  title = {On Functional Dependencies in Q-{{Horn}} Theories},
  author = {Ibaraki, Toshihide and Kogan, Alexander and Makino, Kazuhisa},
  year = {2001},
  month = sep,
  journal = {Artificial Intelligence},
  volume = {131},
  number = {1},
  pages = {171--187},
  issn = {0004-3702},
  doi = {10.1016/S0004-3702(01)00118-7},
  urldate = {2023-06-10},
  langid = {english},
  keywords = {Computational complexity,Condensation,Conjunctive normal form,Functional dependency,Knowledge representation,q-Horn theory},
  file = {/home/sguillou/Zotero/storage/UTBYYLJB/Ibaraki et al. - 2001 - On functional dependencies in q-Horn theories.pdf;/home/sguillou/Zotero/storage/SAMY75BD/S0004370201001187.html}
}

@inproceedings{ihlemannLocalReasoningVerification2008,
  title = {On Local Reasoning in Verification},
  booktitle = {Proceedings of the {{Theory}} and Practice of Software, 14th International Conference on {{Tools}} and Algorithms for the Construction and Analysis of Systems},
  author = {Ihlemann, Carsten and Jacobs, Swen and {Sofronie-Stokkermans}, Viorica},
  year = {2008},
  month = mar,
  series = {{{TACAS}}'08/{{ETAPS}}'08},
  pages = {265--281},
  publisher = {{Springer-Verlag}},
  address = {{Berlin, Heidelberg}},
  urldate = {2023-03-30},
  isbn = {978-3-540-78799-0}
}

@inproceedings{ihlemannLocalReasoningVerification2008a,
  title = {On Local Reasoning in Verification},
  booktitle = {Proceedings of the {{Theory}} and Practice of Software, 14th International Conference on {{Tools}} and Algorithms for the Construction and Analysis of Systems},
  author = {Ihlemann, Carsten and Jacobs, Swen and {Sofronie-Stokkermans}, Viorica},
  year = {2008},
  month = mar,
  series = {{{TACAS}}'08/{{ETAPS}}'08},
  pages = {265--281},
  publisher = {{Springer-Verlag}},
  address = {{Berlin, Heidelberg}},
  urldate = {2023-03-30},
  isbn = {978-3-540-78799-0}
}

@book{jechSetTheory1978,
  title = {Set Theory},
  author = {Jech, Thomas J.},
  year = {1978},
  series = {Pure and Applied Mathematics, a Series of Monographs and Textbooks},
  number = {79},
  publisher = {{Academic Press}},
  address = {{New York}},
  isbn = {978-0-12-381950-5},
  langid = {english},
  lccn = {QA3 QA248 .P8 vol. 79},
  keywords = {Set theory},
  file = {/home/sguillou/Zotero/storage/RAVKULB5/Jech - 1978 - Set theory.pdf}
}

@article{kahnTopologicalSortingLarge1962,
  title = {Topological Sorting of Large Networks},
  author = {Kahn, A. B.},
  year = {1962},
  month = nov,
  journal = {Communications of the ACM},
  volume = {5},
  number = {11},
  pages = {558--562},
  issn = {0001-0782},
  doi = {10.1145/368996.369025},
  urldate = {2021-10-11},
  file = {/home/sguillou/Zotero/storage/YEWYTUD4/Kahn - 1962 - Topological sorting of large networks.pdf}
}

@book{kalmbachOrthomodularLattices1983,
  title = {{Orthomodular Lattices}},
  author = {Kalmbach, Gudrun},
  year = {1983},
  month = mar,
  publisher = {{Academic Press Inc}},
  address = {{London ; New York}},
  isbn = {978-0-12-394580-8},
  langid = {Anglais},
  file = {/home/sguillou/Zotero/storage/U3M3ISQV/(London Mathematical Society Monographs) G. Kalmbach - Orthomodular Lattices-Academic Press (1983).djvu}
}

@incollection{kellerImportingHOLLight2010,
  title = {Importing {{HOL Light}} into {{Coq}}},
  booktitle = {Interactive {{Theorem Proving}}},
  author = {Keller, Chantal and Werner, Benjamin},
  editor = {Hutchison, David and Kanade, Takeo and Kittler, Josef and Kleinberg, Jon M. and Mattern, Friedemann and Mitchell, John C. and Naor, Moni and Nierstrasz, Oscar and Pandu Rangan, C. and Steffen, Bernhard and Sudan, Madhu and Terzopoulos, Demetri and Tygar, Doug and Vardi, Moshe Y. and Weikum, Gerhard and Kaufmann, Matt and Paulson, Lawrence C.},
  year = {2010},
  volume = {6172},
  pages = {307--322},
  publisher = {{Springer Berlin Heidelberg}},
  address = {{Berlin, Heidelberg}},
  doi = {10.1007/978-3-642-14052-5_22},
  urldate = {2020-11-30},
  isbn = {978-3-642-14051-8 978-3-642-14052-5},
  langid = {english},
  file = {/home/sguillou/Zotero/storage/GLB8ZWCV/Keller and Werner - 2010 - Importing HOL Light into Coq.pdf}
}

@article{kirstCategoricityResultsLarge2019,
  title = {Categoricity {{Results}} and {{Large Model Constructions}} for {{Second-Order ZF}} in {{Dependent Type Theory}}},
  author = {Kirst, Dominik and Smolka, Gert},
  year = {2019},
  month = aug,
  journal = {Journal of Automated Reasoning},
  volume = {63},
  number = {2},
  pages = {415--438},
  issn = {1573-0670},
  doi = {10.1007/s10817-018-9480-6},
  urldate = {2020-10-11},
  langid = {english},
  file = {/home/sguillou/Zotero/storage/A5GM4HUL/Kirst and Smolka - 2019 - Categoricity Results and Large Model Constructions.pdf}
}

@incollection{kojevnikovFindingEfficientCircuits2009,
  title = {Finding {{Efficient Circuits Using SAT-Solvers}}},
  booktitle = {Theory and {{Applications}} of {{Satisfiability Testing}} - {{SAT}} 2009},
  author = {Kojevnikov, Arist and Kulikov, Alexander S. and Yaroslavtsev, Grigory},
  editor = {Kullmann, Oliver},
  year = {2009},
  volume = {5584},
  pages = {32--44},
  publisher = {{Springer Berlin Heidelberg}},
  address = {{Berlin, Heidelberg}},
  doi = {10.1007/978-3-642-02777-2_5},
  urldate = {2022-09-23},
  isbn = {978-3-642-02776-5 978-3-642-02777-2},
  langid = {english},
  file = {/home/sguillou/Zotero/storage/WEJXR7DV/Kojevnikov et al. - 2009 - Finding Efficient Circuits Using SAT-Solvers.pdf}
}

@inproceedings{kovacsFindingLoopInvariants2009,
  title = {Finding {{Loop Invariants}} for {{Programs}} over {{Arrays Using}} a {{Theorem Prover}}},
  booktitle = {Fundamental {{Approaches}} to {{Software Engineering}}},
  author = {Kov{\'a}cs, Laura and Voronkov, Andrei},
  editor = {Chechik, Marsha and Wirsing, Martin},
  year = {2009},
  series = {Lecture {{Notes}} in {{Computer Science}}},
  pages = {470--485},
  publisher = {{Springer}},
  address = {{Berlin, Heidelberg}},
  doi = {10.1007/978-3-642-00593-0_33},
  isbn = {978-3-642-00593-0},
  langid = {english},
  keywords = {Array Variable,Invariant Generation,Loop Counter,Predicate Symbol,Scalar Variable},
  file = {/home/sguillou/Zotero/storage/WAVKP7L3/Kov√°cs and Voronkov - 2009 - Finding Loop Invariants for Programs over Arrays U.pdf}
}

@inproceedings{kovacsFirstOrderTheoremProving2013,
  title = {First-{{Order Theorem Proving}} and {{Vampire}}},
  booktitle = {Computer {{Aided Verification}}},
  author = {Kov{\'a}cs, Laura and Voronkov, Andrei},
  editor = {Sharygina, Natasha and Veith, Helmut},
  year = {2013},
  series = {Lecture {{Notes}} in {{Computer Science}}},
  pages = {1--35},
  publisher = {{Springer}},
  address = {{Berlin, Heidelberg}},
  doi = {10.1007/978-3-642-39799-8_1},
  isbn = {978-3-642-39799-8},
  langid = {english},
  keywords = {Empty Clause,Inference Process,Predicate Symbol,Proof Search,Theorem Prove},
  file = {/home/sguillou/Zotero/storage/Q7BL5WK6/Kov√°cs and Voronkov - 2013 - First-Order Theorem Proving and Vampire.pdf}
}

@article{krivineProgramFullAxiom2021,
  title = {A Program for the Full Axiom of Choice},
  author = {Krivine, Jean-Louis},
  year = {2021},
  month = jan,
  journal = {arXiv:2006.05433 [cs, math]},
  eprint = {2006.05433},
  primaryclass = {cs, math},
  urldate = {2021-03-16},
  archiveprefix = {arxiv},
  langid = {english},
  keywords = {03E40,Computer Science - Logic in Computer Science,F.4.1,Mathematics - Logic},
  file = {/home/sguillou/Zotero/storage/4RFM78FA/Krivine - 2021 - A program for the full axiom of choice.pdf}
}

@inproceedings{kroeningInterpolationBasedSoftwareVerification2011,
  title = {Interpolation-{{Based Software Verification}} with {{Wolverine}}},
  booktitle = {Computer {{Aided Verification}} - 23rd {{International Conference}}, {{CAV}} 2011, {{Snowbird}}, {{UT}}, {{USA}}, {{July}} 14-20, 2011. {{Proceedings}}},
  author = {Kroening, Daniel and Weissenbacher, Georg},
  editor = {Gopalakrishnan, Ganesh and Qadeer, Shaz},
  year = {2011},
  series = {Lecture {{Notes}} in {{Computer Science}}},
  volume = {6806},
  pages = {573--578},
  publisher = {{Springer}},
  doi = {10.1007/978-3-642-22110-1_45},
  urldate = {2023-09-05},
  file = {/home/sguillou/Zotero/storage/4XG57EA5/Kroening and Weissenbacher - 2011 - Interpolation-Based Software Verification with Wol.pdf}
}

@article{kunenNegationLogicProgramming1987,
  title = {Negation in Logic Programming},
  author = {Kunen, Kenneth},
  year = {1987},
  month = dec,
  journal = {The Journal of Logic Programming},
  volume = {4},
  number = {4},
  pages = {289--308},
  issn = {07431066},
  doi = {10.1016/0743-1066(87)90007-0},
  urldate = {2023-06-26},
  langid = {english},
  file = {/home/sguillou/Zotero/storage/2MN8PU5U/Kunen - 1987 - Negation in logic programming.pdf}
}

@article{kunenNegationLogicProgramming1987a,
  title = {Negation in Logic Programming},
  author = {Kunen, Kenneth},
  year = {1987},
  month = dec,
  journal = {The Journal of Logic Programming},
  volume = {4},
  number = {4},
  pages = {289--308},
  issn = {0743-1066},
  doi = {10.1016/0743-1066(87)90007-0},
  urldate = {2023-06-26},
  langid = {english},
  file = {/home/sguillou/Zotero/storage/SVH5TQ7I/Kunen - 1987 - Negation in logic programming.pdf;/home/sguillou/Zotero/storage/7E8GFNRR/0743106687900070.html}
}

@book{kunenSetTheoryIntroduction1983,
  title = {Set {{Theory An Introduction To Independence Proofs}}},
  author = {Kunen, Kenneth},
  year = {1983},
  month = dec,
  edition = {Reprint edition},
  publisher = {{North Holland}},
  address = {{Amsterdam Heidelberg}},
  isbn = {978-0-444-86839-8},
  langid = {english}
}

@article{lamportShouldYourSpecification1999,
  title = {Should Your Specification Language Be Typed},
  author = {Lamport, Leslie and Paulson, Lawrence C.},
  year = {1999},
  month = may,
  journal = {ACM Transactions on Programming Languages and Systems},
  volume = {21},
  number = {3},
  pages = {502--526},
  issn = {0164-0925, 1558-4593},
  doi = {10.1145/319301.319317},
  urldate = {2021-05-11},
  langid = {english},
  file = {/home/sguillou/Zotero/storage/4W45UP2I/Lamport et Paulson - 1999 - Should your specification language be typed.pdf}
}

@inproceedings{laurentFocusingOrthologic2016,
  title = {Focusing in {{Orthologic}}},
  booktitle = {1st {{International Conference}} on {{Formal Structures}} for {{Computation}} and {{Deduction}}, {{FSCD}} 2016, {{June}} 22-26, 2016, {{Porto}}, {{Portugal}}},
  author = {Laurent, Olivier},
  editor = {Kesner, Delia and Pientka, Brigitte},
  year = {2016},
  series = {{{LIPIcs}}},
  volume = {52},
  pages = {25:1--25:17},
  publisher = {{Schloss Dagstuhl - Leibniz-Zentrum f\"ur Informatik}},
  address = {{Porto, Portugal}},
  doi = {10.4230/LIPIcs.FSCD.2016.25},
  file = {/home/sguillou/Zotero/storage/WAHXYNXH/Laurent - 2016 - Focusing in Orthologic.pdf}
}

@article{lavaletteInterpolationFragmentsIntuitionistic1989,
  title = {Interpolation in {{Fragments}} of {{Intuitionistic Propositional Logic}}},
  author = {de Lavalette, Gerard R. Renardel},
  year = {1989},
  journal = {The Journal of Symbolic Logic},
  volume = {54},
  number = {4},
  eprint = {2274823},
  eprinttype = {jstor},
  pages = {1419--1430},
  publisher = {{Association for Symbolic Logic}},
  issn = {0022-4812},
  doi = {10.2307/2274823},
  urldate = {2023-09-04},
  file = {/home/sguillou/Zotero/storage/54WY72VI/Lavalette - 1989 - Interpolation in Fragments of Intuitionistic Propo.pdf}
}

@article{leeProofirrelevantModelCC2011,
  title = {Proof-Irrelevant Model of {{CC}} with Predicative Induction and Judgmental Equality},
  author = {Lee, Gyesik and Werner, Benjamin},
  editor = {Barendregt, Henk},
  year = {2011},
  month = nov,
  journal = {Logical Methods in Computer Science},
  volume = {7},
  number = {4},
  pages = {5},
  issn = {18605974},
  doi = {10.2168/LMCS-7(4:5)2011},
  urldate = {2020-10-22},
  langid = {english},
  keywords = {Print},
  file = {/home/sguillou/Zotero/storage/MMQSFUN7/Lee and Werner - 2011 - Proof-irrelevant model of CC with predicative indu.pdf}
}

@inproceedings{lewisHazardDetectionQuinary1972,
  title = {Hazard Detection by a Quinary Simulation of Logic Devices with Bounded Propagation Delays},
  booktitle = {Proceedings of the 9th {{Design Automation Workshop}}},
  author = {Lewis, Daniel W.},
  year = {1972},
  month = jun,
  series = {{{DAC}} '72},
  pages = {157--164},
  publisher = {{Association for Computing Machinery}},
  address = {{New York, NY, USA}},
  doi = {10.1145/800153.804941},
  urldate = {2021-09-10},
  isbn = {978-1-4503-7458-3},
  file = {/home/sguillou/Zotero/storage/HJSIU9YH/Lewis - 1972 - Hazard detection by a quinary simulation of logic .pdf}
}

@misc{Ltac2Coq16,
  title = {Ltac2 \textemdash{} {{Coq}} 8.16.1 Documentation},
  urldate = {2023-02-18},
  howpublished = {https://coq.inria.fr/refman/proof-engine/ltac2.html},
  file = {/home/sguillou/Zotero/storage/JAFCQNID/ltac2.html}
}

@article{macneillePartiallyOrderedSets1937,
  title = {Partially Ordered Sets},
  author = {MacNeille, H. M.},
  year = {1937},
  journal = {Transactions of the American Mathematical Society},
  volume = {42},
  number = {3},
  pages = {416--460},
  issn = {0002-9947, 1088-6850},
  doi = {10.1090/S0002-9947-1937-1501929-X},
  urldate = {2023-08-24},
  langid = {english},
  file = {/home/sguillou/Zotero/storage/69GGAK76/MacNeille - 1937 - Partially ordered sets.pdf}
}

@article{madsenDatalogFlixDeclarative2016,
  title = {From {{Datalog}} to Flix: A Declarative Language for Fixed Points on Lattices},
  shorttitle = {From {{Datalog}} to Flix},
  author = {Madsen, Magnus and Yee, Ming-Ho and Lhot{\'a}k, Ond{\v r}ej},
  year = {2016},
  month = jun,
  journal = {Proceedings of the 37th ACM SIGPLAN Conference on Programming Language Design and Implementation},
  pages = {194--208},
  publisher = {{ACM}},
  address = {{Santa Barbara CA USA}},
  doi = {10.1145/2908080.2908096},
  urldate = {2023-06-23},
  isbn = {9781450342612},
  langid = {english},
  file = {/home/sguillou/Zotero/storage/4TQ6II37/Madsen et al. - 2016 - From Datalog to flix a declarative language for f.pdf}
}

@inproceedings{madsenDatalogFlixDeclarative2016a,
  title = {From {{Datalog}} to Flix: A Declarative Language for Fixed Points on Lattices},
  shorttitle = {From {{Datalog}} to Flix},
  booktitle = {Proceedings of the 37th {{ACM SIGPLAN Conference}} on {{Programming Language Design}} and {{Implementation}}},
  author = {Madsen, Magnus and Yee, Ming-Ho and Lhot{\'a}k, Ond{\v r}ej},
  year = {2016},
  month = jun,
  series = {{{PLDI}} '16},
  pages = {194--208},
  publisher = {{Association for Computing Machinery}},
  address = {{New York, NY, USA}},
  doi = {10.1145/2908080.2908096},
  urldate = {2023-06-26},
  isbn = {978-1-4503-4261-2},
  keywords = {Datalog,logic programming,static analysis},
  file = {/home/sguillou/Zotero/storage/PPFQTYMM/Madsen et al. - 2016 - From Datalog to flix a declarative language for f.pdf}
}

@article{mathiasStrengthMacLane2001,
  title = {The Strength of {{Mac Lane}} Set Theory},
  author = {Mathias, A. R. D.},
  year = {2001},
  month = jun,
  journal = {Annals of Pure and Applied Logic},
  volume = {110},
  number = {1},
  pages = {107--234},
  issn = {0168-0072},
  doi = {10.1016/S0168-0072(00)00031-2},
  urldate = {2023-05-04},
  langid = {english},
  keywords = {Axiom H spectacles,Conservative extension,Constructibility,Failure of collection,Failure of induction,Forcing over non-standard models,Forster\textendash Kaye set theory,Kripke\textendash Platek set theory,Mac Lane set theory,Mostowski's principle,Power-admissible set,Simple theory of types,Stratifiable formula},
  file = {/home/sguillou/Zotero/storage/JTUTR33I/Mathias - 2001 - The strength of Mac Lane set theory.pdf;/home/sguillou/Zotero/storage/DI88ZDS6/S0168007200000312.html}
}

@article{maziarzHashingModuloAlphaEquivalence2021,
  title = {Hashing {{Modulo Alpha-Equivalence}}},
  author = {Maziarz, Krzysztof and Ellis, Tom and Lawrence, Alan and Fitzgibbon, Andrew and Jones, Simon Peyton},
  year = {2021},
  pages = {17},
  langid = {english},
  keywords = {Print,Read},
  file = {/home/sguillou/Zotero/storage/UVHXC8H2/Maziarz et al. - 2021 - Hashing Modulo Alpha-Equivalence.pdf}
}

@article{mcallesterAutomaticRecognitionTractability1993,
  title = {Automatic Recognition of Tractability in Inference Relations},
  author = {McAllester, David A.},
  year = {1993},
  month = apr,
  journal = {Journal of the ACM},
  volume = {40},
  number = {2},
  pages = {284--303},
  issn = {0004-5411},
  doi = {10.1145/151261.151265},
  urldate = {2022-01-17},
  keywords = {automated reasoning,inference rules,machine inference,mechanical verification,polynomial-time algorithm,proof systems,proof theory,theorem proving},
  file = {/home/sguillou/Zotero/storage/VYUT3688/McAllester - 1993 - Automatic recognition of tractability in inference.pdf}
}

@inproceedings{mcmillanInterpolantsSymbolicModel2007,
  title = {Interpolants and {{Symbolic Model Checking}}},
  booktitle = {Verification, {{Model Checking}}, and {{Abstract Interpretation}}, 8th {{International Conference}}, {{VMCAI}} 2007, {{Nice}}, {{France}}, {{January}} 14-16, 2007, {{Proceedings}}},
  author = {McMillan, Kenneth L.},
  editor = {Cook, Byron and Podelski, Andreas},
  year = {2007},
  series = {Lecture {{Notes}} in {{Computer Science}}},
  volume = {4349},
  pages = {89--90},
  publisher = {{Springer}},
  doi = {10.1007/978-3-540-69738-1_6},
  urldate = {2023-08-28}
}

@inproceedings{mcmillanInterpolationSATBasedModel2003,
  title = {Interpolation and {{SAT-Based Model Checking}}},
  booktitle = {Computer {{Aided Verification}}, 15th {{International Conference}}, {{CAV}} 2003, {{Boulder}}, {{CO}}, {{USA}}, {{July}} 8-12, 2003, {{Proceedings}}},
  author = {McMillan, Kenneth L.},
  editor = {Jr, Warren A. Hunt and Somenzi, Fabio},
  year = {2003},
  series = {Lecture {{Notes}} in {{Computer Science}}},
  volume = {2725},
  pages = {1--13},
  publisher = {{Springer}},
  doi = {10.1007/978-3-540-45069-6_1},
  urldate = {2023-08-27},
  file = {/home/sguillou/Zotero/storage/X3LWE3QP/McMillan - 2003 - Interpolation and SAT-Based Model Checking.pdf}
}

@inproceedings{mcmillanQuantifiedInvariantGeneration2008,
  title = {Quantified {{Invariant Generation Using}} an {{Interpolating Saturation Prover}}},
  booktitle = {Tools and {{Algorithms}} for the {{Construction}} and {{Analysis}} of {{Systems}}, 14th {{International Conference}}, {{TACAS}} 2008, {{Held}} as {{Part}} of the {{Joint European Conferences}} on {{Theory}} and {{Practice}} of {{Software}}, {{ETAPS}} 2008, {{Budapest}}, {{Hungary}}, {{March}} 29-{{April}} 6, 2008. {{Proceedings}}},
  author = {McMillan, Kenneth L.},
  editor = {Ramakrishnan, C. R. and Rehof, Jakob},
  year = {2008},
  series = {Lecture {{Notes}} in {{Computer Science}}},
  volume = {4963},
  pages = {413--427},
  publisher = {{Springer}},
  doi = {10.1007/978-3-540-78800-3_31},
  urldate = {2023-09-05}
}

@techreport{mcmillanSolvingConstrainedHorn2013,
  title = {Solving {{Constrained Horn Clauses}} Using {{Interpolation}}},
  author = {McMillan, K. and Rybalchenko, A.},
  year = {2013},
  institution = {{Microsoft Research}},
  urldate = {2023-06-10}
}

@article{meinanderSolutionUniformWord2010,
  title = {A Solution of the Uniform Word Problem for Ortholattices},
  author = {Meinander, Andrea},
  year = {2010},
  month = aug,
  journal = {Mathematical Structures in Computer Science},
  volume = {20},
  number = {4},
  pages = {625--638},
  publisher = {{Cambridge University Press}},
  issn = {1469-8072, 0960-1295},
  doi = {10.1017/S0960129510000125},
  urldate = {2021-09-23},
  langid = {english},
  file = {/home/sguillou/Zotero/storage/AZ2H533D/Meinander - 2010 - A solution of the uniform word problem for orthola.pdf;/home/sguillou/Zotero/storage/Y6FC9VVE/551A8CBABF42CCFD42886E9646061777.html}
}

@article{mendelsonIntroductionMathematicalLogic,
  title = {Introduction to {{Mathematical Logic}}, {{Sixth Edition}}},
  author = {Mendelson, Elliott},
  pages = {499},
  langid = {english},
  file = {/home/sguillou/Zotero/storage/NYN4AYZU/Mendelson - Introduction to Mathematical Logic, Sixth Edition.pdf}
}

@book{mendelsonIntroductionMathematicalLogic1987,
  title = {Introduction to {{Mathematical Logic}}},
  author = {Mendelson, Elliott},
  year = {1987},
  publisher = {{Springer US}},
  address = {{Boston, MA}},
  doi = {10.1007/978-1-4615-7288-6},
  urldate = {2023-07-05},
  isbn = {978-1-4615-7290-9 978-1-4615-7288-6},
  langid = {english},
  keywords = {computability theory,mathematical logic,proof,set theory}
}

@inproceedings{merzAutomaticVerificationTLA2012,
  title = {Automatic {{Verification}} of {{TLA}}\,+\, {{Proof Obligations}} with {{SMT Solvers}}},
  booktitle = {Logic for {{Programming}}, {{Artificial Intelligence}}, and {{Reasoning}}},
  author = {Merz, Stephan and Vanzetto, Hern{\'a}n},
  editor = {Bj{\o}rner, Nikolaj and Voronkov, Andrei},
  year = {2012},
  series = {Lecture {{Notes}} in {{Computer Science}}},
  pages = {289--303},
  publisher = {{Springer}},
  address = {{Berlin, Heidelberg}},
  doi = {10.1007/978-3-642-28717-6_23},
  isbn = {978-3-642-28717-6},
  langid = {english},
  keywords = {Function Symbol,Input Language,Proof Obligation,Read,Type Assignment,Type Inference},
  file = {/home/sguillou/Zotero/storage/SPJJA9FN/Merz et Vanzetto - 2012 - Automatic Verification of TLA +  Proof Obligations.pdf}
}

@article{micaliComputationallySoundProofs2000,
  title = {Computationally {{Sound Proofs}}},
  author = {Micali, Silvio},
  year = {2000},
  month = jan,
  journal = {SIAM Journal on Computing},
  volume = {30},
  number = {4},
  pages = {1253--1298},
  publisher = {{Society for Industrial and Applied Mathematics}},
  issn = {0097-5397},
  doi = {10.1137/S0097539795284959},
  urldate = {2022-05-27},
  keywords = {interactive proofs,Merkle trees,probabilistically checkable proofs,random oracles},
  file = {/home/sguillou/Zotero/storage/P8MD7SN2/Micali - 2000 - Computationally Sound Proofs.pdf}
}

@article{minouxLTURSimplifiedLineartime1988,
  title = {{{LTUR}}: A Simplified Linear-Time Unit Resolution Algorithm for Horn Formulae and Computer Implementation},
  shorttitle = {{{LTUR}}},
  author = {Minoux, Michel},
  year = {1988},
  month = sep,
  journal = {Information Processing Letters},
  volume = {29},
  number = {1},
  pages = {1--12},
  issn = {0020-0190},
  doi = {10.1016/0020-0190(88)90124-X},
  urldate = {2023-06-12},
  langid = {english},
  keywords = {Horn formula,Propositional calculus,unit resolution},
  file = {/home/sguillou/Zotero/storage/ZCUR36KM/Minoux - 1988 - LTUR a simplified linear-time unit resolution alg.pdf;/home/sguillou/Zotero/storage/QA3XRSN5/002001908890124X.html}
}

@article{miyazakiPropertiesOrthologics2005,
  title = {Some {{Properties}} of {{Orthologics}}},
  author = {Miyazaki, Yutaka},
  year = {2005},
  journal = {Studia Logica: An International Journal for Symbolic Logic},
  volume = {80},
  number = {1},
  eprint = {20016705},
  eprinttype = {jstor},
  pages = {75--93},
  publisher = {{Springer}},
  issn = {0039-3215},
  urldate = {2023-03-30},
  file = {/home/sguillou/Zotero/storage/ZT5YTQ5B/Miyazaki - 2005 - Some Properties of Orthologics.pdf}
}

@inproceedings{mouraZ3EfficientSMT2008,
  title = {Z3: {{An Efficient SMT Solver}}},
  shorttitle = {Z3},
  booktitle = {Tools and {{Algorithms}} for the {{Construction}} and {{Analysis}} of {{Systems}}, 14th {{International Conference}}, {{TACAS}} 2008, {{Held}} as {{Part}} of the {{Joint European Conferences}} on {{Theory}} and {{Practice}} of {{Software}}, {{ETAPS}} 2008, {{Budapest}}, {{Hungary}}, {{March}} 29-{{April}} 6, 2008. {{Proceedings}}},
  author = {de Moura, Leonardo Mendon{\c c}a and Bj{\o}rner, Nikolaj},
  editor = {Ramakrishnan, C. R. and Rehof, Jakob},
  year = {2008},
  series = {Lecture {{Notes}} in {{Computer Science}}},
  volume = {4963},
  pages = {337--340},
  publisher = {{Springer}},
  doi = {10.1007/978-3-540-78800-3_24},
  urldate = {2021-09-29},
  file = {/home/sguillou/Zotero/storage/CERFSTMI/Moura et Bj√∏rner - 2008 - Z3 An Efficient SMT Solver.pdf}
}

@inproceedings{naumowiczBriefOverviewMizar2009,
  title = {A {{Brief Overview}} of {{Mizar}}},
  booktitle = {Proceedings of the 22nd {{International Conference}} on {{Theorem Proving}} in {{Higher Order Logics}}},
  author = {Naumowicz, Adam and Kornilowicz, Artur},
  year = {2009},
  month = aug,
  volume = {5674},
  pages = {67--72},
  doi = {10.1007/978-3-642-03359-9_5},
  isbn = {978-3-642-03358-2},
  file = {/home/sguillou/Zotero/storage/DA8Z7WM5/Naumowicz et Kornilowicz - 2009 - A Brief Overview of Mizar.pdf}
}

@article{negriCutEliminationPresence1998,
  title = {Cut {{Elimination}} in the {{Presence}} of {{Axioms}}},
  author = {Negri, Sara and {von Plato}, Jan},
  year = {1998},
  month = dec,
  journal = {Bulletin of Symbolic Logic},
  volume = {4},
  number = {4},
  pages = {418--435},
  issn = {1079-8986, 1943-5894},
  doi = {10.2307/420956},
  urldate = {2023-04-12},
  langid = {english},
  file = {/home/sguillou/Zotero/storage/UFP2F7EG/Negri et von Plato - 1998 - Cut Elimination in the Presence of Axioms.pdf}
}

@article{nelsonFastDecisionProcedures1980,
  title = {Fast {{Decision Procedures Based}} on {{Congruence Closure}}},
  author = {Nelson, Greg and Oppen, Derek C.},
  year = {1980},
  month = apr,
  journal = {Journal of the ACM},
  volume = {27},
  number = {2},
  pages = {356--364},
  issn = {0004-5411},
  doi = {10.1145/322186.322198},
  urldate = {2021-07-08}
}

@inproceedings{nielsonPrinciplesProgramAnalysis1999,
  title = {Principles of {{Program Analysis}}},
  author = {Nielson, Flemming and Nielson, Hanne Riis and Hankin, Chris},
  year = {1999},
  publisher = {{Springer Berlin Heidelberg}},
  address = {{Berlin, Heidelberg}},
  doi = {10.1007/978-3-662-03811-6},
  urldate = {2023-09-07},
  isbn = {978-3-642-08474-4 978-3-662-03811-6},
  langid = {english},
  file = {/home/sguillou/Zotero/storage/WBULJFVT/Nielson et al. - 1999 - Principles of Program Analysis.pdf}
}

@article{nieuwenhuisFastCongruenceClosure2007,
  title = {Fast Congruence Closure and Extensions},
  author = {Nieuwenhuis, Robert and Oliveras, Albert},
  year = {2007},
  month = apr,
  journal = {Information and Computation},
  series = {Special {{Issue}}: 16th {{International Conference}} on {{Rewriting Techniques}} and {{Applications}}},
  volume = {205},
  number = {4},
  pages = {557--580},
  issn = {0890-5401},
  doi = {10.1016/j.ic.2006.08.009},
  urldate = {2021-07-06},
  langid = {english},
  keywords = {Congruence closure,Decision procedures,Equational reasoning,Verification},
  file = {/home/sguillou/Zotero/storage/TPZIP83Y/Nieuwenhuis et Oliveras - 2007 - Fast congruence closure and extensions.pdf;/home/sguillou/Zotero/storage/3U432IXW/S0890540106001581.html}
}

@article{noelExperimentingIsabelleZF1993,
  title = {Experimenting with {{Isabelle}} in {{ZF}} Set Theory},
  author = {Noel, P. A. J.},
  year = {1993},
  journal = {Journal of Automated Reasoning},
  volume = {10},
  number = {1},
  pages = {15--58},
  issn = {0168-7433, 1573-0670},
  doi = {10.1007/BF00881863},
  urldate = {2021-06-22},
  langid = {english},
  file = {/home/sguillou/Zotero/storage/8LVVXKPA/Noel - 1993 - Experimenting with Isabelle in ZF set theory.pdf}
}

@book{oderskyFoundationsImplicitFunction2017,
  title = {Foundations of {{Implicit Function Types}}},
  editor = {Odersky, Martin and Biboudis, Aggelos and Liu, Fengyun and Blanvillain, Olivier},
  year = {2017}
}

@article{onerShefferStrokeOperation2017,
  title = {The {{Sheffer}} Stroke Operation Reducts of Basic Algebras},
  author = {Oner, Tahsin and Senturk, Ibrahim},
  year = {2017},
  month = jan,
  journal = {Open Mathematics},
  volume = {15},
  number = {1},
  pages = {926--935},
  publisher = {{De Gruyter Open Access}},
  issn = {2391-5455},
  doi = {10.1515/math-2017-0075},
  urldate = {2022-05-19},
  langid = {english},
  keywords = {Basic algebras,Lattice with antitone involutions,Sheffer stroke reduct},
  file = {/home/sguillou/Zotero/storage/K7BHLYT4/Oner and Senturk - 2017 - The Sheffer stroke operation reducts of basic alge.pdf}
}

@misc{OrthologicQuantumLogic,
  title = {Orthologic and Quantum Logic: Models and Computational Elements: {{Journal}} of the {{ACM}}: {{Vol}} 47, {{No}} 4},
  urldate = {2023-06-23},
  howpublished = {https://dl.acm.org/doi/10.1145/347476.347481},
  file = {/home/sguillou/Zotero/storage/V5FW2N4I/347476.html}
}

@article{paulin-mohringIntroductionCalculusInductive,
  title = {Introduction to the {{Calculus}} of {{Inductive Constructions}}},
  author = {{Paulin-Mohring}, Christine},
  pages = {14},
  langid = {english},
  keywords = {Print,Read},
  file = {/home/sguillou/Zotero/storage/8HYTAD2T/Paulin-Mohring - Introduction to the Calculus of Inductive Construc.pdf}
}

@article{paulsonFoundationGenericTheorem1989,
  title = {The Foundation of a Generic Theorem Prover},
  author = {Paulson, Lawrence C.},
  year = {1989},
  month = sep,
  journal = {Journal of Automated Reasoning},
  volume = {5},
  number = {3},
  pages = {363--397},
  issn = {0168-7433, 1573-0670},
  doi = {10.1007/BF00248324},
  urldate = {2021-06-22},
  langid = {english},
  file = {/home/sguillou/Zotero/storage/7CATU6YQ/Paulson - 1989 - The foundation of a generic theorem prover.pdf}
}

@article{paulsonGenericTableauProver,
  title = {A {{Generic Tableau Prover}} and Its {{Integration}} with {{Isabelle}}},
  author = {Paulson, Lawrence C},
  pages = {16},
  langid = {english},
  file = {/home/sguillou/Zotero/storage/2YW536JF/Paulson - A Generic Tableau Prover and its Integration with .pdf}
}

@article{paulsonGenericTableauProvera,
  title = {A {{Generic Tableau Prover}} and Its {{Integration}} with {{Isabelle}}},
  author = {Paulson, Lawrence C},
  pages = {16},
  langid = {english},
  file = {/home/sguillou/Zotero/storage/QHLYBIFS/Paulson - A Generic Tableau Prover and its Integration with .pdf}
}

@article{paulsonGenericTableauProverb,
  title = {A {{Generic Tableau Prover}} and Its {{Integration}} with {{Isabelle}}},
  author = {Paulson, Lawrence C},
  langid = {english},
  file = {/home/sguillou/Zotero/storage/BE3WYU83/Paulson - A Generic Tableau Prover and its Integration with .pdf}
}

@article{paulsonIsabelleNext7001993,
  title = {Isabelle: {{The Next}} 700 {{Theorem Provers}}},
  shorttitle = {Isabelle},
  author = {Paulson, Lawrence C.},
  year = {1993},
  journal = {CoRR},
  volume = {cs.LO/9301106},
  urldate = {2023-02-16}
}

@article{paulsonMechanizingSetTheory1996,
  title = {Mechanizing Set Theory: {{Cardinal}} Arithmetic and the {{Axiom}} of {{Choice}}},
  shorttitle = {Mechanizing Set Theory},
  author = {Paulson, {\relax LawrenceC}. and Grabczewski, Krzysztof},
  year = {1996},
  month = dec,
  journal = {Journal of Automated Reasoning},
  volume = {17},
  number = {3},
  issn = {0168-7433, 1573-0670},
  doi = {10.1007/BF00283132},
  urldate = {2021-05-11},
  langid = {english},
  keywords = {Print,Read},
  file = {/home/sguillou/Zotero/storage/SPE72WIA/Paulson et Grabczewski - 1996 - Mechanizing set theory Cardinal arithmetic and th.pdf}
}

@article{pfenningInductivelyNedTypes,
  title = {Inductively {{De}} Ned {{Types}} in the {{Calculus}} of {{Constructions}}},
  author = {Pfenning, Frank and {Paulin-Mohring}, Christine},
  pages = {20},
  langid = {english},
  file = {/home/sguillou/Zotero/storage/ZREBQ9A8/Pfenning et Paulin-Mohring - Inductively Dened Types in the Calculus of Constr.pdf}
}

@article{piskacDecidingEffectivelyPropositional2010,
  title = {Deciding {{Effectively Propositional Logic Using DPLL}} and {{Substitution Sets}}},
  author = {Piskac, Ruzica and {de Moura}, Leonardo and Bj{\o}rner, Nikolaj},
  year = {2010},
  month = apr,
  journal = {Journal of Automated Reasoning},
  volume = {44},
  number = {4},
  pages = {401--424},
  issn = {1573-0670},
  doi = {10.1007/s10817-009-9161-6},
  urldate = {2023-06-27},
  langid = {english},
  keywords = {BDDs,DPLL,Effectively propositional logic,SAT}
}

@inproceedings{piskacLinearArithmeticStars2008,
  title = {Linear {{Arithmetic}} with {{Stars}}},
  booktitle = {Computer {{Aided Verification}}},
  author = {Piskac, Ruzica and Kuncak, Viktor},
  editor = {Gupta, Aarti and Malik, Sharad},
  year = {2008},
  series = {Lecture {{Notes}} in {{Computer Science}}},
  pages = {268--280},
  publisher = {{Springer}},
  address = {{Berlin, Heidelberg}},
  doi = {10.1007/978-3-540-70545-1_25},
  isbn = {978-3-540-70545-1},
  langid = {english},
  keywords = {Atomic Formula,Decision Procedure,Integer Vector,Regular Expression,Star Operator},
  file = {/home/sguillou/Zotero/storage/M78U2AQX/Piskac and Kuncak - 2008 - Linear Arithmetic with Stars.pdf}
}

@article{pretolaniHierarchiesPolynomiallySolvable1996,
  title = {Hierarchies of Polynomially Solvable Satisfiability Problems},
  author = {Pretolani, Daniele},
  year = {1996},
  month = sep,
  journal = {Annals of Mathematics and Artificial Intelligence},
  volume = {17},
  number = {2},
  pages = {339--357},
  issn = {1012-2443, 1573-7470},
  doi = {10.1007/BF02127974},
  urldate = {2023-06-10},
  langid = {english},
  file = {/home/sguillou/Zotero/storage/QE8RGP9I/Pretolani - 1996 - Hierarchies of polynomially solvable satisfiabilit.pdf}
}

@misc{Publications,
  title = {Publications},
  journal = {CVC4},
  urldate = {2021-09-29},
  howpublished = {https://cvc4.github.io/publications.html},
  langid = {american},
  file = {/home/sguillou/Zotero/storage/YD5X6Q6C/publications.html}
}

@incollection{pudlakLengthsProofs1998,
  title = {The {{Lengths}} of {{Proofs}}},
  booktitle = {Studies in {{Logic}} and the {{Foundations}} of {{Mathematics}}},
  author = {Pudl{\'a}k, Pavel},
  year = {1998},
  volume = {137},
  pages = {547--637},
  publisher = {{Elsevier}},
  doi = {10.1016/S0049-237X(98)80023-2},
  urldate = {2021-02-22},
  isbn = {978-0-444-89840-1},
  langid = {english},
  file = {/home/sguillou/Zotero/storage/F835D42D/ProofLengthPudlak-1.pdf}
}

@article{ramseyProblemFormalLogic1930,
  title = {On a {{Problem}} of {{Formal Logic}}},
  author = {Ramsey, F. P.},
  year = {1930},
  journal = {Proceedings of the London Mathematical Society},
  volume = {s2-30},
  number = {1},
  pages = {264--286},
  issn = {1460-244X},
  doi = {10.1112/plms/s2-30.1.264},
  urldate = {2023-06-27},
  copyright = {\textcopyright{} 1930 London Mathematical Society},
  langid = {english},
  file = {/home/sguillou/Zotero/storage/HD35THNG/s2-30.1.html}
}

@article{rawlingOrthologicQuantumLogic2000,
  title = {Orthologic and Quantum Logic: Models and Computational Elements},
  shorttitle = {Orthologic and Quantum Logic},
  author = {Rawling, J. P. and Selesnick, S. A.},
  year = {2000},
  month = jul,
  journal = {Journal of the ACM},
  volume = {47},
  number = {4},
  pages = {721--751},
  issn = {0004-5411},
  doi = {10.1145/347476.347481},
  urldate = {2023-06-23},
  keywords = {Hilbert spaces,quantum computing,quantum logic,quantum physics},
  file = {/home/sguillou/Zotero/storage/FTQ5ZZEW/Rawling and Selesnick - 2000 - Orthologic and quantum logic models and computati.pdf}
}

@article{reynoldsPolymorphismNotSettheoretic,
  title = {Polymorphism Is Not Set-Theoretic},
  author = {Reynolds, John},
  pages = {16},
  file = {/home/sguillou/Zotero/storage/VBRVBSUR/Reynolds - Polymorphism is not set-theoretic.pdf}
}

@book{robinsonHandbookAutomatedReasoning2001,
  title = {Handbook of {{Automated Reasoning}} (in 2 Volumes)},
  editor = {Robinson, John Alan and Voronkov, Andrei},
  year = {2001},
  publisher = {{Elsevier and MIT Press}},
  address = {{MIT}},
  urldate = {2023-04-01},
  isbn = {978-0-444-50813-3},
  file = {/home/sguillou/Zotero/storage/C5JQWH5P/Robinson A., Voronkov A. (eds.) - Handbook of automated reasoning, vol.2-Elsevier (2001).pdf;/home/sguillou/Zotero/storage/CDZ8RB6Y/Robinson A., Voronkov A. (eds.) - Handbook of automated reasoning Vol. 1 [...]-Amsterdam [u.a] Elsevier [u.a.] (2001).pdf}
}

@book{rubinEquivalentsAxiomChoice1963,
  title = {Equivalents of the {{Axiom}} of {{Choice}}},
  author = {Rubin, Herman and Rubin, Jean E.},
  year = {1963},
  month = jan
}

@incollection{rubioPrecedencebasedTotalACcompatible1993,
  title = {A Precedence-Based Total {{AC-compatible}} Ordering},
  booktitle = {Rewriting {{Techniques}} and {{Applications}}},
  author = {Rubio, Albert and Nieuwenhuis, Robert},
  editor = {Goos, G. and Hartmanis, J. and Kirchner, Claude},
  year = {1993},
  volume = {690},
  pages = {374--388},
  publisher = {{Springer Berlin Heidelberg}},
  address = {{Berlin, Heidelberg}},
  doi = {10.1007/3-540-56868-9_28},
  urldate = {2021-05-06},
  isbn = {978-3-540-56868-1},
  langid = {english},
  file = {/home/sguillou/Zotero/storage/6C7FC5DZ/Rubio et Nieuwenhuis - 1993 - A precedence-based total AC-compatible ordering.pdf}
}

@article{schinzTailCallElimination2001,
  title = {Tail {{Call Elimination}} on the {{Java Virtual Machine}}},
  author = {Schinz, Michel and Odersky, Martin},
  year = {2001},
  month = nov,
  journal = {Electronic Notes in Theoretical Computer Science},
  volume = {59},
  pages = {158--171},
  doi = {10.1016/S1571-0661(05)80459-1},
  file = {/home/sguillou/Zotero/storage/7URK6P2G/Schinz et Odersky - 2001 - Tail Call Elimination on the Java Virtual Machine.pdf}
}

@article{schuetteInterpolationssatzIntuitionistischenPraedikatenlogik1962,
  title = {{Der Interpolationssatz der intuitionistischen Pr\"adikatenlogik}},
  author = {Sch{\"u}tte, Kurt},
  year = {1962},
  month = jun,
  journal = {Mathematische Annalen},
  volume = {148},
  number = {3},
  pages = {192--200},
  issn = {1432-1807},
  doi = {10.1007/BF01470747},
  urldate = {2023-09-05},
  langid = {ngerman},
  file = {/home/sguillou/Zotero/storage/665TJ4DD/Sch√ºtte - 1962 - Der Interpolationssatz der intuitionistischen Pr√§d.pdf}
}

@article{schultemontingCutEliminationWord1981,
  title = {Cut Elimination and Word Problems for Varieties of Lattices},
  author = {Schulte M{\"o}nting, J{\"u}rgen},
  year = {1981},
  month = dec,
  journal = {Algebra Universalis},
  volume = {12},
  number = {1},
  pages = {290--321},
  issn = {0002-5240, 1420-8911},
  doi = {10.1007/BF02483891},
  urldate = {2023-06-12},
  langid = {english},
  file = {/home/sguillou/Zotero/storage/9NKZNRB4/Schulte M√∂nting - 1981 - Cut elimination and word problems for varieties of.pdf}
}

@inproceedings{schulzSystemDescription2013,
  title = {System {{Description}}: {{E}}~1.8},
  shorttitle = {System {{Description}}},
  booktitle = {Logic for {{Programming}}, {{Artificial Intelligence}}, and {{Reasoning}}},
  author = {Schulz, Stephan},
  editor = {McMillan, Ken and Middeldorp, Aart and Voronkov, Andrei},
  year = {2013},
  series = {Lecture {{Notes}} in {{Computer Science}}},
  pages = {735--743},
  publisher = {{Springer}},
  address = {{Berlin, Heidelberg}},
  doi = {10.1007/978-3-642-45221-5_49},
  isbn = {978-3-642-45221-5},
  langid = {english},
  keywords = {Answer Substitution,Empty Clause,Inference Rule,Proof Object,Proof Tree},
  file = {/home/sguillou/Zotero/storage/CMKX2ZKT/Schulz - 2013 - System Description E¬†1.8.pdf}
}

@inproceedings{schurrReliableReconstructionFinegrained2021,
  title = {Reliable {{Reconstruction}} of {{Fine-grained Proofs}} in a {{Proof Assistant}}},
  booktitle = {Automated {{Deduction}} \textendash{} {{CADE}} 28},
  author = {Schurr, Hans-J{\"o}rg and Fleury, Mathias and Desharnais, Martin},
  editor = {Platzer, Andr{\'e} and Sutcliffe, Geoff},
  year = {2021},
  series = {Lecture {{Notes}} in {{Computer Science}}},
  pages = {450--467},
  publisher = {{Springer International Publishing}},
  address = {{Cham}},
  doi = {10.1007/978-3-030-79876-5_26},
  isbn = {978-3-030-79876-5},
  langid = {english},
  keywords = {automatic theorem provers,proof assistants,proof verification},
  file = {/home/sguillou/Zotero/storage/YI3QTC29/Schurr et al. - 2021 - Reliable Reconstruction of Fine-grained Proofs in .pdf}
}

@book{SetTheory2003,
  title = {Set {{Theory}}},
  year = {2003},
  series = {Springer {{Monographs}} in {{Mathematics}}},
  publisher = {{Springer}},
  address = {{Berlin, Heidelberg}},
  doi = {10.1007/3-540-44761-X},
  urldate = {2023-05-04},
  isbn = {978-3-540-44085-7},
  langid = {english},
  keywords = {algebra,arithmetic,axiom of choice,Boolean algebra,Cardinal number,cardinals,field,forcing,Mengenlehre,set theory,ultrapower,YellowSale2006},
  file = {/home/sguillou/Zotero/storage/V78S4MTI/2003 - Set Theory.pdf}
}

@book{SetTheoryIntroduction,
  title = {Set {{Theory}}: {{An Introduction}}},
  shorttitle = {Set {{Theory}}},
  urldate = {2022-05-10},
  langid = {english},
  file = {/home/sguillou/Zotero/storage/PNP73XA2/9780817642563.html}
}

@misc{sheeranTutorialStalmarckProof1998,
  title = {A Tutorial on {{St\aa lmarck}}'s Proof Procedure for Propositional Logic},
  author = {Sheeran, Mary and Stalmarck, Gunnar},
  year = {1998},
  file = {/home/sguillou/Zotero/storage/KSSHCHYH/Sheeran et al. - 1998 - A tutorial on St√•lmarck's proof procedure for prop.pdf;/home/sguillou/Zotero/storage/6B8P5VDQ/summary.html}
}

@article{sherifDecisionProblemOrthomodular1997,
  title = {Decision Problem for Orthomodular Lattices},
  author = {Sherif, M.A.E.H.},
  year = {1997},
  month = jan,
  journal = {Algebra Universalis},
  volume = {37},
  number = {1},
  pages = {70--76},
  issn = {0002-5240},
  doi = {10.1007/PL00000328},
  urldate = {2022-08-02},
  langid = {english},
  file = {/home/sguillou/Zotero/storage/PI3PRMLU/Sherif - 1997 - Decision problem for orthomodular lattices.pdf}
}

@article{shulmanSetTheoryCategory2008,
  title = {Set Theory for Category Theory},
  author = {Shulman, Michael A.},
  year = {2008},
  month = oct,
  journal = {arXiv:0810.1279 [math]},
  eprint = {0810.1279},
  primaryclass = {math},
  urldate = {2021-06-23},
  archiveprefix = {arxiv},
  langid = {english},
  keywords = {Mathematics - Category Theory,Mathematics - Logic},
  file = {/home/sguillou/Zotero/storage/9UB7CGAP/Shulman - 2008 - Set theory for category theory.pdf}
}

@article{silesInvestigationTypingEquality,
  title = {Investigation on the Typing of Equality in Type Systems},
  author = {Siles, Vincent},
  pages = {131},
  langid = {english},
  keywords = {Print,Read},
  file = {/home/sguillou/Zotero/storage/A7F6SMQJ/Siles - Investigation on the typing of equality in type sy.pdf}
}

@article{silesPureTypeSystem2011,
  title = {Pure {{Type System}} Conversion Is Always Typable},
  author = {Siles, Vincent and Herbelin, Hugo},
  year = {2011},
  pages = {28},
  langid = {english},
  file = {/home/sguillou/Zotero/storage/W33BJ92X/Siles and Herbelin - 2011 - Pure Type System conversion is always typable.pdf}
}

@inproceedings{slindBriefOverviewHOL42008,
  title = {A {{Brief Overview}} of {{HOL4}}},
  author = {Slind, Konrad and Norrish, Michael},
  year = {2008},
  month = aug,
  pages = {28--32},
  doi = {10.1007/978-3-540-71067-7_6},
  isbn = {978-3-540-71065-3},
  file = {/home/sguillou/Zotero/storage/CTN5KQJG/Slind et Norrish - 2008 - A Brief Overview of HOL4.pdf}
}

@article{songExpansionPostponementPure1997,
  title = {The Expansion Postponement in {{Pure Type Systems}}},
  author = {Song, Fangmin},
  year = {1997},
  month = nov,
  journal = {Journal of Computer Science and Technology},
  volume = {12},
  number = {6},
  pages = {555--563},
  issn = {1860-4749},
  doi = {10.1007/BF02947207},
  urldate = {2020-10-19},
  langid = {english},
  file = {/home/sguillou/Zotero/storage/6HDPF3YG/Song - 1997 - The expansion postponement in Pure Type Systems.pdf}
}

@article{sorensenLecturesCurryHowardIsomorphism2010,
  title = {Lectures on the {{Curry-Howard Isomorphism}}},
  author = {S{\o}rensen, Morten and Urzyczyn, Pawe{\l}},
  year = {2010},
  month = oct,
  journal = {Studies in Logic and the Foundations of Mathematics},
  volume = {149},
  doi = {10.1016/S0049-237X(06)80005-4},
  keywords = {Print,Read},
  file = {/home/sguillou/Zotero/storage/QCZLVT2Y/curry-howard.pdf}
}

@article{spiveyNotationReferenceManual,
  title = {The {{Z Notation}}: {{A Reference Manual}}},
  author = {Spivey, J M},
  pages = {168},
  langid = {english},
  file = {/home/sguillou/Zotero/storage/FUUZRIV7/Spivey - Programming Research Group University of Oxford.pdf}
}

@misc{steenHigherOrderProverLeoIII2018,
  title = {The {{Higher-Order Prover Leo-III}} ({{Extended Version}})},
  author = {Steen, Alexander and Benzm{\"u}ller, Christoph},
  year = {2018},
  month = apr,
  number = {arXiv:1802.02732},
  eprint = {1802.02732},
  primaryclass = {cs, math},
  publisher = {{arXiv}},
  doi = {10.48550/arXiv.1802.02732},
  urldate = {2023-05-04},
  archiveprefix = {arxiv},
  keywords = {{03B35, 03B15, 03B45, 68T15, 68T27, 68T30:, 03Bxx},Computer Science - Artificial Intelligence,Computer Science - Logic in Computer Science,F.4.1,I.2.3,I.2.4,Mathematics - Logic},
  file = {/home/sguillou/Zotero/storage/MK2KSZKE/Steen and Benzm√ºller - 2018 - The Higher-Order Prover Leo-III (Extended Version).pdf;/home/sguillou/Zotero/storage/DLRXKXPE/1802.html}
}

@misc{steenLeoIII2022,
  title = {Leo-{{III}} 1.7},
  author = {Steen, Alexander},
  year = {2022},
  month = jul,
  doi = {10.5281/zenodo.7650205},
  urldate = {2023-02-19},
  howpublished = {Zenodo},
  keywords = {artificial intelligence,automated deduction,automated reasoning,automated theorem prover,computational logic,higher-order logic,logic,reasoning,scala,theorem proving,TPTP},
  file = {/home/sguillou/Zotero/storage/65MYUY2S/7650205.html}
}

@book{stefanovaSimpleModelConstruction1995,
  title = {A {{Simple Model Construction}} for the {{Calculus}} of {{Constructions}}.},
  author = {Stefanova, Milena and Geuvers, Herman},
  year = {1995},
  month = jan,
  pages = {264},
  doi = {10.1007/3-540-61780-9_74},
  isbn = {978-3-540-61780-8},
  keywords = {Read},
  file = {/home/sguillou/Zotero/storage/D2RI2YND/Stefanova and Geuvers - 1995 - A Simple Model Construction for the Calculus of Co.pdf}
}

@inproceedings{steindorferOptimizingHasharrayMapped2015,
  title = {Optimizing Hash-Array Mapped Tries for Fast and Lean Immutable {{JVM}} Collections},
  booktitle = {Proceedings of the 2015 {{ACM SIGPLAN International Conference}} on {{Object-Oriented Programming}}, {{Systems}}, {{Languages}}, and {{Applications}}},
  author = {Steindorfer, Michael J. and Vinju, Jurgen J.},
  year = {2015},
  month = oct,
  pages = {783--800},
  publisher = {{ACM}},
  address = {{Pittsburgh PA USA}},
  doi = {10.1145/2814270.2814312},
  urldate = {2021-06-08},
  isbn = {978-1-4503-3689-5},
  langid = {english},
  file = {/home/sguillou/Zotero/storage/5WEHWNLQ/Steindorfer et Vinju - 2015 - Optimizing hash-array mapped tries for fast and le.pdf}
}

@article{sutcliffePracticeClausificationAutomatic,
  title = {The {{Practice}} of {{Clausification}} in {{Automatic Theorem Proving}}},
  author = {Sutcliffe, Geoff and Melville, Stuart},
  pages = {21},
  langid = {english},
  file = {/home/sguillou/Zotero/storage/MI4LSCBT/Sutcliffe and Melville - The Practice of Clausification in Automatic Theore.pdf}
}

@inproceedings{taitNormalDerivabilityClassical1968,
  title = {Normal Derivability in Classical Logic},
  booktitle = {The {{Syntax}} and {{Semantics}} of {{Infinitary Languages}}},
  author = {Tait, W. W.},
  editor = {Barwise, Jon},
  year = {1968},
  series = {Lecture {{Notes}} in {{Mathematics}}},
  pages = {204--236},
  publisher = {{Springer}},
  address = {{Berlin, Heidelberg}},
  doi = {10.1007/BFb0079691},
  isbn = {978-3-540-35900-5},
  langid = {english},
  keywords = {Axiom System,Normal Derivation,Peano Arithmetic,Predicate Variable,Propositional Logic},
  file = {/home/sguillou/Zotero/storage/2IRXTZFC/Tait - 1968 - Normal derivability in classical logic.pdf}
}

@incollection{thakurGeneralizationStalmarckMethod2012,
  title = {A {{Generalization}} of {{St\aa lmarck}}'s {{Method}}},
  booktitle = {Static {{Analysis}}},
  author = {Thakur, Aditya and Reps, Thomas},
  editor = {Hutchison, David and Kanade, Takeo and Kittler, Josef and Kleinberg, Jon M. and Mattern, Friedemann and Mitchell, John C. and Naor, Moni and Nierstrasz, Oscar and Pandu Rangan, C. and Steffen, Bernhard and Sudan, Madhu and Terzopoulos, Demetri and Tygar, Doug and Vardi, Moshe Y. and Weikum, Gerhard and Min{\'e}, Antoine and Schmidt, David},
  year = {2012},
  volume = {7460},
  pages = {334--351},
  publisher = {{Springer Berlin Heidelberg}},
  address = {{Berlin, Heidelberg}},
  doi = {10.1007/978-3-642-33125-1_23},
  urldate = {2022-09-28},
  isbn = {978-3-642-33124-4 978-3-642-33125-1},
  langid = {english},
  file = {/home/sguillou/Zotero/storage/RBK2JQDX/Thakur and Reps - 2012 - A Generalization of St√•lmarck‚Äôs Method.pdf}
}

@inproceedings{tiurynSubtypeInequalities1992,
  title = {Subtype Inequalities},
  booktitle = {[1992] {{Proceedings}} of the {{Seventh Annual IEEE Symposium}} on {{Logic}} in {{Computer Science}}},
  author = {Tiuryn, J.},
  year = {1992},
  month = jun,
  pages = {308--315},
  doi = {10.1109/LICS.1992.185543},
  keywords = {Calculus,Informatics,Lattices,Needed,Polynomials,Upper bound},
  file = {/home/sguillou/Zotero/storage/CBF665SL/Tiuryn - 1992 - Subtype inequalities.pdf;/home/sguillou/Zotero/storage/HRBCMGV2/185543.html}
}

@inproceedings{traytelFoundationalCompositionalCo2012,
  title = {Foundational, {{Compositional}} ({{Co}})Datatypes for {{Higher-Order Logic}}: {{Category Theory Applied}} to {{Theorem Proving}}},
  shorttitle = {Foundational, {{Compositional}} ({{Co}})Datatypes for {{Higher-Order Logic}}},
  booktitle = {2012 27th {{Annual IEEE Symposium}} on {{Logic}} in {{Computer Science}}},
  author = {Traytel, Dmitry and Popescu, Andrei and Blanchette, Jasmin C.},
  year = {2012},
  month = jun,
  pages = {596--605},
  publisher = {{IEEE}},
  address = {{Dubrovnik, Croatia}},
  doi = {10.1109/LICS.2012.75},
  urldate = {2022-03-20},
  isbn = {978-1-4673-2263-8 978-0-7695-4769-5},
  langid = {english},
  file = {/home/sguillou/Zotero/storage/BZ3ASFF4/Traytel et al. - 2012 - Foundational, Compositional (Co)datatypes for High.pdf}
}

@incollection{tseitinComplexityDerivationPropositional1983,
  title = {On the {{Complexity}} of {{Derivation}} in {{Propositional Calculus}}},
  booktitle = {Automation of {{Reasoning}}: 2: {{Classical Papers}} on {{Computational Logic}} 1967\textendash 1970},
  author = {Tseitin, G. S.},
  editor = {Siekmann, J{\"o}rg H. and Wrightson, Graham},
  year = {1983},
  series = {Symbolic {{Computation}}},
  pages = {466--483},
  publisher = {{Springer}},
  address = {{Berlin, Heidelberg}},
  doi = {10.1007/978-3-642-81955-1_28},
  urldate = {2023-06-12},
  isbn = {978-3-642-81955-1},
  langid = {english}
}

@book{ullmanPrinciplesDatabaseKnowledgeBase1988,
  title = {Principles of {{Database}} and {{Knowledge-Base Systems}}, {{Volume I}}},
  author = {Ullman, Jeffrey D.},
  year = {1988},
  series = {Principles of Computer Science Series},
  volume = {14},
  publisher = {{Computer Science Press}},
  address = {{New Yor, United States}},
  urldate = {2023-07-11},
  isbn = {978-0-7167-8069-4}
}

@book{ullmanPrinciplesDatabaseKnowledgeBase1989,
  title = {Principles of {{Database}} and {{Knowledge-Base Systems}}, {{Volume II}}},
  author = {Ullman, Jeffrey D.},
  year = {1989},
  publisher = {{Computer Science Press}},
  address = {{New Yor, United States}},
  isbn = {978-0-7167-8162-2}
}

@unpublished{urbanIsabelleCookbook2013,
  title = {The {{Isabelle Cookbook}}},
  author = {Urban, Christian},
  year = {2013},
  month = jul,
  urldate = {2023-02-18},
  file = {/home/sguillou/Zotero/storage/M5JZA4IM/isabelle_programming.urban.pdf}
}

@inproceedings{urzyczynInhabitationTypedLambdacalculi1997,
  title = {Inhabitation in Typed Lambda-Calculi (a Syntactic Approach)},
  booktitle = {Typed {{Lambda Calculi}} and {{Applications}}},
  author = {Urzyczyn, Pawel},
  editor = {Goos, Gerhard and Hartmanis, Juris and Leeuwen, Jan and Groote, Philippe and Roger Hindley, J.},
  year = {1997},
  volume = {1210},
  pages = {373--389},
  publisher = {{Springer Berlin Heidelberg}},
  address = {{Berlin, Heidelberg}},
  doi = {10.1007/3-540-62688-3_47},
  urldate = {2023-08-23},
  isbn = {978-3-540-62688-6 978-3-540-68438-1}
}

@book{vaughtSetTheoryIntroduction1985,
  title = {Set {{Theory}}: {{An Introduction}}},
  shorttitle = {Set {{Theory}}},
  author = {Vaught, Robert L.},
  year = {1985},
  publisher = {{Birkh\"auser}},
  googlebooks = {a4QZAQAAIAAJ},
  isbn = {978-3-7643-3238-9},
  langid = {english},
  file = {/home/sguillou/Zotero/storage/SWKPL9PC/Robert L. Vaught - Set Theory_ An Introduction, Second Edition (2001).djvu}
}

@incollection{vermaComplexityEquationalHorn2005,
  title = {On the {{Complexity}} of {{Equational Horn Clauses}}},
  booktitle = {Automated {{Deduction}} \textendash{} {{CADE-20}}},
  author = {Verma, Kumar Neeraj and Seidl, Helmut and Schwentick, Thomas},
  editor = {Hutchison, David and Kanade, Takeo and Kittler, Josef and Kleinberg, Jon M. and Mattern, Friedemann and Mitchell, John C. and Naor, Moni and Nierstrasz, Oscar and Pandu Rangan, C. and Steffen, Bernhard and Sudan, Madhu and Terzopoulos, Demetri and Tygar, Dough and Vardi, Moshe Y. and Weikum, Gerhard and Nieuwenhuis, Robert},
  year = {2005},
  volume = {3632},
  pages = {337--352},
  publisher = {{Springer Berlin Heidelberg}},
  address = {{Berlin, Heidelberg}},
  doi = {10.1007/11532231_25},
  urldate = {2022-07-27},
  isbn = {978-3-540-28005-7 978-3-540-31864-4},
  langid = {english},
  file = {/home/sguillou/Zotero/storage/MKP6NGYE/Verma et al. - 2005 - On the Complexity of Equational Horn Clauses.pdf}
}

@inproceedings{volkerHOL2PSystemClassical2007,
  title = {{{HOL2P}} - {{A System}} of {{Classical Higher Order Logic}} with {{Second Order Polymorphism}}},
  booktitle = {Theorem {{Proving}} in {{Higher Order Logics}}},
  author = {V{\"o}lker, Norbert},
  editor = {Schneider, Klaus and Brandt, Jens},
  year = {2007},
  series = {Lecture {{Notes}} in {{Computer Science}}},
  pages = {334--351},
  publisher = {{Springer}},
  address = {{Berlin, Heidelberg}},
  doi = {10.1007/978-3-540-74591-4_25},
  isbn = {978-3-540-74591-4},
  langid = {english},
  keywords = {High Order Logic,Inference Rule,Natural Transformation,Type Inference,Type Variable},
  file = {/home/sguillou/Zotero/storage/H55FS4BD/V√∂lker - 2007 - HOL2P - A System of Classical Higher Order Logic w.pdf}
}

@inproceedings{vukmirovicMakingHigherOrderSuperposition2021,
  title = {Making {{Higher-Order Superposition Work}}},
  booktitle = {Automated {{Deduction}} \textendash{} {{CADE}} 28},
  author = {Vukmirovi{\'c}, Petar and Bentkamp, Alexander and Blanchette, Jasmin and Cruanes, Simon and Nummelin, Visa and Tourret, Sophie},
  editor = {Platzer, Andr{\'e} and Sutcliffe, Geoff},
  year = {2021},
  series = {Lecture {{Notes}} in {{Computer Science}}},
  pages = {415--432},
  publisher = {{Springer International Publishing}},
  address = {{Cham}},
  doi = {10.1007/978-3-030-79876-5_24},
  isbn = {978-3-030-79876-5},
  langid = {english},
  keywords = {higher-order,superposition,theorem proving},
  file = {/home/sguillou/Zotero/storage/4LIDRPPL/Vukmiroviƒá et al. - 2021 - Making Higher-Order Superposition Work.pdf}
}

@article{wadlerHowMakeAdHoc1997,
  title = {How to {{Make Ad-Hoc Polymorphism Less Ad Hoc}}},
  author = {Wadler, Philip and Blott, Stephen},
  year = {1997},
  month = aug,
  journal = {[No source information available]},
  doi = {10.1145/75277.75283},
  file = {/home/sguillou/Zotero/storage/LSB36SN2/Wadler et Blott - 1997 - How to Make Ad-Hoc Polymorphism Less Ad Hoc.pdf}
}

@inproceedings{weidenbachSPASSVersion2009,
  title = {{{SPASS Version}} 3.5},
  booktitle = {Automated {{Deduction}} \textendash{} {{CADE-22}}},
  author = {Weidenbach, Christoph and Dimova, Dilyana and Fietzke, Arnaud and Kumar, Rohit and Suda, Martin and Wischnewski, Patrick},
  editor = {Schmidt, Renate A.},
  year = {2009},
  series = {Lecture {{Notes}} in {{Computer Science}}},
  pages = {140--145},
  publisher = {{Springer}},
  address = {{Berlin, Heidelberg}},
  doi = {10.1007/978-3-642-02959-2_10},
  isbn = {978-3-642-02959-2},
  langid = {english},
  keywords = {Automate Theorem Prover,Empty Clause,Reduction Rule,Small Clause,Soft Typing},
  file = {/home/sguillou/Zotero/storage/XN8RCM5N/Weidenbach et al. - 2009 - SPASS Version 3.5.pdf}
}

@inproceedings{wenzelIsabelleFramework2008,
  title = {The {{Isabelle Framework}}},
  booktitle = {Theorem {{Proving}} in {{Higher Order Logics}}},
  author = {Wenzel, Makarius and Paulson, Lawrence C. and Nipkow, Tobias},
  editor = {Mohamed, Otmane Ait and Mu{\~n}oz, C{\'e}sar and Tahar, Sofi{\`e}ne},
  year = {2008},
  series = {Lecture {{Notes}} in {{Computer Science}}},
  pages = {33--38},
  publisher = {{Springer}},
  address = {{Berlin, Heidelberg}},
  doi = {10.1007/978-3-540-71067-7_7},
  isbn = {978-3-540-71067-7},
  langid = {english},
  keywords = {Automate Reasoning,High Order Logic,Natural Deduction,Prime Number Theorem,Structure Proof},
  file = {/home/sguillou/Zotero/storage/5MESV7FU/Wenzel et al. - 2008 - The Isabelle Framework.pdf}
}

@incollection{wernerSetsTypesTypes1997,
  title = {Sets in Types, Types in Sets},
  booktitle = {Theoretical {{Aspects}} of {{Computer Software}}},
  author = {Werner, Benjamin},
  editor = {Goos, Gerhard and Hartmanis, Juris and {van Leeuwen}, Jan and Abadi, Mart{\'i}n and Ito, Takayasu},
  year = {1997},
  volume = {1281},
  pages = {530--546},
  publisher = {{Springer Berlin Heidelberg}},
  address = {{Berlin, Heidelberg}},
  doi = {10.1007/BFb0014566},
  urldate = {2021-05-14},
  isbn = {978-3-540-63388-4 978-3-540-69530-1},
  langid = {english},
  keywords = {Print,Read},
  file = {/home/sguillou/Zotero/storage/YR23DNHK/Werner - 1997 - Sets in types, types in sets.pdf}
}

@article{whitmanFreeLattices1941a,
  title = {Free {{Lattices}}},
  author = {Whitman, Philip M.},
  year = {1941},
  journal = {Annals of Mathematics},
  volume = {42},
  number = {1},
  eprint = {1969001},
  eprinttype = {jstor},
  pages = {325--330},
  publisher = {{Annals of Mathematics}},
  issn = {0003-486X},
  doi = {10.2307/1969001},
  urldate = {2022-05-05},
  file = {/home/sguillou/Zotero/storage/ZM8YYR37/Whitman - 1941 - Free Lattices.pdf}
}

@article{whitmanFreeLatticesII1942,
  title = {Free {{Lattices II}}},
  author = {Whitman, Philip M.},
  year = {1942},
  journal = {Annals of Mathematics},
  volume = {43},
  number = {1},
  eprint = {1968883},
  eprinttype = {jstor},
  pages = {104--115},
  publisher = {{Annals of Mathematics}},
  issn = {0003-486X},
  doi = {10.2307/1968883},
  urldate = {2023-03-14},
  file = {/home/sguillou/Zotero/storage/4I39WNEF/Whitman - 1942 - Free Lattices II.pdf}
}

@inproceedings{wintersteigerConcurrentPortfolioApproach2009,
  title = {A {{Concurrent Portfolio Approach}} to {{SMT Solving}}},
  booktitle = {Proceedings of the 21st {{International Conference}} on {{Computer Aided Verification}}},
  author = {Wintersteiger, Christoph M. and Hamadi, Youssef and Moura, Leonardo},
  year = {2009},
  month = jun,
  series = {{{CAV}} '09},
  pages = {715--720},
  publisher = {{Springer-Verlag}},
  address = {{Berlin, Heidelberg}},
  doi = {10.1007/978-3-642-02658-4_60},
  urldate = {2021-09-29},
  isbn = {978-3-642-02657-7}
}

@article{wirthHilbertEpsilonOperator2008,
  title = {Hilbert's Epsilon as an Operator of Indefinite Committed Choice},
  author = {Wirth, Claus-Peter},
  year = {2008},
  month = sep,
  journal = {Journal of Applied Logic},
  volume = {6},
  number = {3},
  pages = {287--317},
  issn = {15708683},
  doi = {10.1016/j.jal.2007.07.009},
  urldate = {2021-07-08},
  langid = {english},
  file = {/home/sguillou/Zotero/storage/8GWJVHVF/Robert L. Vaught - Set Theory_ An Introduction, Second Edition (2001).djvu;/home/sguillou/Zotero/storage/E7NKBDAV/Wirth - 2008 - Hilbert's epsilon as an operator of indefinite com.pdf}
}

@article{yamasakiSatisfiabiltyProblemClass1983,
  title = {The Satisfiabilty Problem for a Class Consisting of Horn Sentences and Some Non-Horn Sentences in Proportional Logic},
  author = {Yamasaki, Susumu and Doshita, Shuji},
  year = {1983},
  month = jan,
  journal = {Information and Control},
  volume = {59},
  number = {1},
  pages = {1--12},
  issn = {0019-9958},
  doi = {10.1016/S0019-9958(83)80027-8},
  urldate = {2023-06-13},
  langid = {english},
  file = {/home/sguillou/Zotero/storage/48VKE9BF/Yamasaki et Doshita - 1983 - The satisfiabilty problem for a class consisting o.pdf;/home/sguillou/Zotero/storage/QQR4HD4T/S0019995883800278.html}
}

@incollection{yessenovCollectionsCardinalitiesRelations2010,
  title = {Collections, {{Cardinalities}}, and {{Relations}}},
  booktitle = {Verification, {{Model Checking}}, and {{Abstract Interpretation}}},
  author = {Yessenov, Kuat and Piskac, Ruzica and Kuncak, Viktor},
  editor = {Hutchison, David and Kanade, Takeo and Kittler, Josef and Kleinberg, Jon M. and Mattern, Friedemann and Mitchell, John C. and Naor, Moni and Nierstrasz, Oscar and Pandu Rangan, C. and Steffen, Bernhard and Sudan, Madhu and Terzopoulos, Demetri and Tygar, Doug and Vardi, Moshe Y. and Weikum, Gerhard and Barthe, Gilles and Hermenegildo, Manuel},
  year = {2010},
  volume = {5944},
  pages = {380--395},
  publisher = {{Springer Berlin Heidelberg}},
  address = {{Berlin, Heidelberg}},
  doi = {10.1007/978-3-642-11319-2_27},
  urldate = {2020-09-17},
  isbn = {978-3-642-11318-5 978-3-642-11319-2},
  langid = {english},
  file = {/home/sguillou/Zotero/storage/QTX6AJYT/Yessenov et al. - 2010 - Collections, Cardinalities, and Relations.pdf}
}

@incollection{zhanFormalizationFundamentalGroup2017,
  title = {Formalization of the Fundamental Group in Untyped Set Theory Using Auto2},
  author = {Zhan, Bohua},
  year = {2017},
  volume = {10499},
  eprint = {1707.04757},
  primaryclass = {cs},
  pages = {514--530},
  doi = {10.1007/978-3-319-66107-0_32},
  urldate = {2023-05-16},
  archiveprefix = {arxiv},
  keywords = {Computer Science - Logic in Computer Science},
  file = {/home/sguillou/Zotero/storage/54Z695WF/Zhan - 2017 - Formalization of the fundamental group in untyped .pdf;/home/sguillou/Zotero/storage/AR8YYM3Z/1707.html}
}

@inproceedings{zhanFormalizationFundamentalGroup2017a,
  title = {Formalization of the {{Fundamental Group}} in {{Untyped Set Theory Using Auto2}}},
  booktitle = {Interactive {{Theorem Proving}}},
  author = {Zhan, Bohua},
  editor = {{Ayala-Rinc{\'o}n}, Mauricio and Mu{\~n}oz, C{\'e}sar A.},
  year = {2017},
  series = {Lecture {{Notes}} in {{Computer Science}}},
  pages = {514--530},
  publisher = {{Springer International Publishing}},
  address = {{Cham}},
  doi = {10.1007/978-3-319-66107-0_32},
  isbn = {978-3-319-66107-0},
  langid = {english},
  file = {/home/sguillou/Zotero/storage/YJSGLYUK/Zhan - 2017 - Formalization of the Fundamental Group in Untyped .pdf}
}

@article{zhangBetterTogetherUnifying2023,
  title = {Better {{Together}}: {{Unifying Datalog}} and {{Equality Saturation}}},
  shorttitle = {Better {{Together}}},
  author = {Zhang, Yihong and Wang, Yisu Remy and Flatt, Oliver and Cao, David and Zucker, Philip and Rosenthal, Eli and Tatlock, Zachary and Willsey, Max},
  year = {2023},
  month = jun,
  journal = {Proceedings of the ACM on Programming Languages},
  volume = {7},
  number = {PLDI},
  pages = {125:468--125:492},
  doi = {10.1145/3591239},
  urldate = {2023-06-29},
  keywords = {Datalog,Equality saturation,Program optimization,Rewrite systems},
  file = {/home/sguillou/Zotero/storage/RUDPMWFN/Zhang et al. - 2023 - Better Together Unifying Datalog and Equality Sat.pdf}
}
